2794 3744
346 313 443 362 ¹32
940 290 1534 345 OLEARII
1647 291 1954 346 DISS.

343 427 493 477 etiarn
519 419 614 476 fuit
653 426 728 494 Jo.
764 422 948 475 Aitzma
979 425 1032 475 in
1070 423 1277 490 Speculo
1310 420 1606 488 Sibyllarum
1631 418 1815 488 belgice
1855 419 1989 476 edito
2018 443 2126 494 pag.
2161 429 2281 484 667.
2362 429 2477 480 Non
2505 440 2571 484 ta-

348 537 462 572 men
487 533 607 587 erat,
649 537 736 571 cur
762 517 957 571 Gallaeus
985 519 1046 573 de
1073 515 1271 584 Sibyllis
1294 537 1396 585 cap.
1429 539 1475 587 4.
1508 537 1613 589 pag.
1647 520 1726 584 87.
1760 521 1827 570 ita
1859 516 2143 590 simpliciter
2162 521 2443 591 affirmaret,
2470 523 2578 578 nul-

348 613 449 670 lam
473 615 576 687 ejus
602 619 672 668 rei
708 619 951 670 rationem
978 614 1156 669 adduci
1196 612 1419 686 potuiss'e.
1496 620 1615 669 Non
1651 613 1824 670 dubito
1850 620 1989 671 enim
2013 622 2153 672 Viris
2192 617 2345 672 doffis
2373 617 2435 671 ob
2462 638 2576 672 ocu-

349 709 418 764 los
448 708 590 765 fuisse
627 724 816 764 textum
843 711 1095 778 Pausaniae
1122 709 1204 764 lib.
1248 714 1308 764 X.
1349 715 1403 765 in
1428 710 1651 764 Phocicis
1699 731 1799 780 cap.
1851 732 1910 765 12
1948 732 2053 782 pag.
2101 720 2165 768 32
2179 734 2225 783 5.
2294 732 2395 780 quo
2434 712 2576 767 illam

349 807 639 875 Herophilum
665 804 806 875 dixit,
845 809 891 859 ὅ(
920 805 1199 869 Σίβυλλαν,
1243 803 1489 869 {vimnau
1529 803 1608 864 την
1650 802 1861 876 πρότερον
1890 805 2134 876 γενομένην.
2210 812 2454 879 Quamvis
2482 805 2583 877 ipse

353 900 498 957 fatear
525 908 578 958 in
606 924 663 957 eo
692 922 889 972 quoque
918 917 1053 958 textu
1082 901 1288 974 praesidii
1316 901 1546 972 Onuphrio
1574 904 1620 955 &
1648 906 1837 958 Aitzmae
1878 922 2054 974 parum
2081 901 2193 958 esse.
2271 908 2321 957 Si
2348 908 2485 958 enim
2513 918 2605 956 to&

355 1013 460 1055 turn
496 998 722 1068 inspicias
750 1002 982 1068 penitiUS,
1024 1003 1091 1052 ita
1132 1019 1248 1053 vero
1273 998 1439 1054 habet:
1495 997 1658 1071 πέτρα.
1695 996 1745 1053 δέ
1783 999 1879 1060 ἔφη
1920 996 2169 1071 &vincam
2219 995 2335 1068 ὑπὲρ
2374 995 2578 1059 τοίυτης.

337 1092 466 1150 ‘fiori
506 1093 662 1165 ταύτη
690 1091 878 1161 Δελφοὶ
907 1089 1070 1155 τᾶσοίν
1097 1104 1239 1159 φασιν
1273 1093 1392 1162 οἷο-σοι
1432 1092 1536 1153 τοὺς
1575 1093 1813 1168 χςησμοὺς
1839 1092 1978 1165 ’ὄνομα
2011 1092 2282 1165 Ἡροφίλην,
2327 1089 2593 1154 Σίβυλλα

355 1188 401 1245 δὲ
444 1189 692 1255 ἐπίκλησιν
735 1188 816 1249 τὴν
856 1188 1065 1262 πρότερον
1105 1187 1346 1260 γενομένην·
1390 1187 1532 1246 facile
1559 1190 1889 1262 deprehendes
1931 1212 2048 1247 eum
2091 1189 2183 1245 esse
2210 1187 2423 1243 sensum:
2502 1191 2588 1241 Pe-

356 1302 483 1341 tram
511 1287 584 1341 ibi
611 1285 842 1356 conspici,
883 1291 966 1340 cui
999 1285 1215 1340 insistens
1250 1285 1445 1341 oracula
1471 1285 1656 1341 fuderit
1685 1286 1942 1355 Herophile,
1970 1306 2068 1354 qua
2095 1283 2287 1353 Sibyllae
2319 1301 2591 1352 cognomen

354 1385 455 1458 jam
484 1399 640 1453 antea,
686 1404 837 1453 quam
868 1383 1078 1453 Delphis
1114 1381 1294 1439 scilicet
1334 1384 1586 1456 Apollinis
1630 1400 1794 1455 ageret
1823 1380 2103 1448 ὑποφητιὸοι
2143 1379 2285 1456 (non
2326 1385 2487 1452 prima
2526 1395 2595 1433 ta·

359 1501 474 1536 men
518 1479 810 1553 propterea)
871 1479 1158 1535 obtinuerit.
1232 1480 1340 1535 Nisi
1391 1482 1532 1552 plane
1585 1486 1698 1536 Viri
1756 1481 1834 1534 illi
1874 1479 2005 1534 dotti
2028 1520 2043 1546 ,
2106 1477 2355 1546 sequentia
2416 1474 2595 1543 verba,

360 1579 543 1650 quibus
601 1593 754 1632 mater
806 1576 907 1648 ejus
948 1581 1122 1629 Lamia
1159 1573 1330 1645 πρώτη
1377 1574 1612 1647 Χρησμοὺς
1653 1575 1775 1642 ᾆσαι
1827 1575 2041 1630 dicitur,
2106 1574 2263 1625 obiter
2337 1573 2598 1638 inspicien-

367 1692 457 1746 teS,
508 1673 570 1728 ad
620 1671 897 1740 'Herophilen
949 1671 1250 1741 Delphicam
1306 1672 1530 1727 retulere.
1611 1674 1681 1725 At
1721 1673 1775 1722 in
1828 1689 1885 1723 eo
1921 1665 2201 1736 onuphrium
2252 1665 2459 1721 humani
2518 1664 2605 1718 ali·

362 1769 487 1841 quid
525 1765 717 1839 passum
782 1781 934 1836 put0,
993 1765 1128 1834 quod
1167 1766 1364 1823 Plinium
1409 1765 1642 1824 Historiae
1675 1763 1932 1819 Naturalis
1972 1762 2072 1818 lib:
2101 1767 2342 1820 XXXIV.
2388 1781 2491 1831 cap.
2547 1779 2592 1828 5.

360 1865 505 1936 segm.
550 1883 626 1917 11.
670 1861 772 1934 ejus
818 1859 1093 1916 meminiffe
1127 1862 1293 1918 censet.
1356 1868 1510 1917 ‘Loco
1551 1867 1706 1930 enim,
1752 1881 1904 1930 quem
1943 1859 2144 1927 indicat,
2193 1861 2351 1927 Plinii,
2411 1880 2511 1913 non
2539 1857 2604 1914 de

363 1960 607 2030 Delphica
654 1957 836 2025 Sibylla
869 1962 1062 2026 agitur,
1114 1958 1192 2012 sed
1219 1959 1279 2013 de
1305 1979 1377 2027 ea,
1407 1980 1511 2028 quae
1538 1963 1781 2015 Romanis
1809 1959 1953 2012 rebus
1983 1952 2268 2024 intervenit,
2321 1959 2598 2024 Tarquinii.

363 2057 514 2121 aetate,
555 2054 600 2105 &
641 2069 795 2117 quam
835 2053 1118 2103 Cumanam
1157 2050 1331 2106 dicunt
1364 2075 1535 2109 omnes
1561 2070 1709 2123 atque
1743 2052 2050 2122 Amaltheam,
2082 2051 2143 2106 de
2190 2046 2287 2120 qua
2324 2071 2411 2106 nos
2453 2050 2602 2122 paulo

366 2160 492 2203 ante.
567 2148 807 2201 Ceterum
835 2143 1079 2196 Artemidis
1106 2143 1295 2199 nomen
1316 2147 1480 2201 nostrae
1513 2149 1734 2202 vindicat
1760 2149 2009 2218 Pausanias
2040 2148 2071 2201 l.
2101 2169 2140 2200 c.
2171 2146 2323 2216 ipsius
2373 2148 2606 2200 autorita-

371 2258 484 2310 tate,
525 2259 643 2294 nam
677 2237 730 2291 id
760 2234 848 2290 fibi
882 2239 936 2289 in
976 2236 1190 2291 verfibus
1228 2237 1322 2292 suis
1349 2240 1517 2310 paffim
1537 2261 1646 2294 eam
1674 2242 1890 2294 tribuere
1917 2241 2077 2307 docet,
2114 2259 2172 2291 ex
2199 2237 2464 2292 Heraclide
2486 2256 2604 2291 vero

368 2337 564 2392 Clemens
582 2331 928 2393 Alexandrinus
955 2337 1180 2387 Stromat.
1211 2333 1296 2387 lib.
1330 2337 1368 2389 Ι.
1405 2335 1550 2405 segm.
1584 2355 1667 2391 21.
1697 2357 1805 2405 pag.
1833 2356 1953 2405 323.
1982 2335 2057 2388 ed.
2093 2332 2242 2390 Paris.
2278 2337 2323 2385 8(
2363 2334 2523 2386 Suidas
2551 2336 2608 2383 in

371 2430 647 2495 Σίβυλλαι.
738 2415 1031 2495 Herophilam
1076 2443 1273 2497 tamen,
1313 2430 1390 2483 vel
1425 2444 1480 2483 ut
1507 2431 1596 2482 alii
1641 2430 1864 2498 malunt,
1910 2428 2174 2498 Erophilam
2225 2432 2377 2481 etiarn
2426 2427 2610 2480 diE'tam

373 2526 616 2598 Pausanias
660 2537 916 2578 memorat.
994 2523 1141 2594 Quod
1179 2522 1342 2579 firmat
1380 2525 1782 2588 emendationem
1829 2524 1911 2602 τοῦ
1941 2521 2072 2579 πάνυ
2102 2523 2331 2593 Salmafii‚
2360 2545 2511 2593 quarn
2558 2526 2615 2577 in

377 2638 514 2680 textu
542 2621 680 2675 Solim'
711 2640 815 2689 cap.-
849 2639 896 2674 2.
938 2617 1158 2690 suscepit,
1187 2619 1439 2688 Herophili&
1466 2641 1649 2677 nomen
1670 2620 1837 2676 nostrae
1863 2620 2072 2688 Sibyllae,
2113 2641 2213 2674 non
2247 2618 2502 2686 Erythraeae
2529 2630 2615 2670 aut

380 2721 575 2786 Samiae,
592 2715 871 2783 tribuentiS,
910 2714 1047 2784 quod
1083 2730 1250 2770 tamen
1288 2715 1555 2789 Salmasium
1581 2716 1805 2787 statuere,
1846 2716 1974 2771 male
2001 2717 2101 2788 ejus
2134 2714 2412 2769 sententiam
2439 2709 2618 2765 assecu-

381 2829 460 2869 tus
485 2824 743 2884 putaverat
773 2816 846 2883 JO·
870 2813 1072 2865 Aitzma
1095 2811 1125 2864 l'.
1161 2833 1200 2865 c.
1231 2825 1286 2865 ut
1313 2811 1482 2865 Gallaeo
1511 2812 1543 2865 l.
1584 2834 1623 2866 c.
1651 2812 1749 2884 jam
1782 2810 2107 2865 observatum.
2195 2814 2482 2878 Cognomen
2526 2828 2617 2877 ego

382 2911 437 2967 id
480 2922 652 2979 putem
697 2905 984 2975 Herophiles,
1024 2907 1242 2974 perinde.
1277 2928 1331 2960 ac
1376 2907 1565 2975 Sibyllae
1605 2927 1776 2962 vocem
1816 2906 2068 2976 pluribus,
2106 2921 2162 2958 ut
2199 2903 2365 2973 passim
2414 2903 2617 2973 patebit,

384 3023 667 3062 commune.
745 3005 825 3055 De
873 3005 1031 3070 patria
1073 3001 1177 3072 ejus
1223 3021 1298 3055 res
1326 3007 1484 3072 magis
1512 3001 1754 3072 impedita
1792 2998 1885 3053 effe
1917 2999 2130 3053 videtur.
2213 2998 2425 3067 Delphis
2453 3016 2617 3052 natam

385 3099 478 3156 esse
504 3104 572 3153 ait
599 3093 760 3151 Suidas
786 3095 818 3148 l.
865 3116 908 3148 c.
945 3097 992 3147 ὅ(
1019 3093 1239 3149 Isidorus
1275 3097 1304 3149 l.
1337 3118 1377 3150 c.
1421 3101 1509 3164 qui
1552 3100 1603 3148 in
1632 3093 1826 3164 ,templo
1852 3093 2090 3165 Delphici
2119 3096 2373 3165 Apollinis
2401 3100 2620 3165 genitam

386 3213 567 3263 narrat,
608 3213 706 3263 qua
737 3189 851 3246 fulti
878 3189 931 3244 id
958 3189 1133 3244 dicant·
1149 3195 1406 3245 autoritate
1436 3189 1603 3259 ambo,
1642 3188 1901 3266 nescimus,
1980 3187 2229 3260 Marpeffo
2261 3208 2418 3245 ortam
2452 3188 2620 3261 Pausa-

389 3298 488 3346 nias
525 3292 555 3346 l.
585 3311 624 3345 c.
653 3285 817 3345 tradit.
895 3290 1029 3343 Hinc
1057 3278 1236 3344 ‘Iibullo
1264 3287 1350 3342 lib.
1384 3291 1454 3345 11.
1477 3287 1539 3344 el.
1575 3307 1620 3358 5.
1654 3308 1698 3344 v.
1729 3294 1810 3358 67.
1847 3292 1998 3344 ctiam
2036 3288 2295 3357 Marpcssia
2322 3290 2522 3356 dicitur,
2562 3305 2621 3341 ex

2477 3382 2615 3456 cujus
