2794 3796
890 275 2157 382 PRAEFATIO.

425 502 675 594 PHO
722 473 1092 622 excepta
1140 497 1290 604 est,
1368 499 1480 587 ad
1524 501 2176 622 pertexendam
2257 499 2485 594 hanc
2532 522 2651 587 te-

426 660 597 746 lam
645 652 1099 744 excitatus.
1241 654 1384 739 De
1437 651 1803 760 ratione,
1884 685 2068 775 qua
2138 651 2344 745 usus
2435 650 2653 763 sum,

426 807 642 898 nihil
694 806 842 913 est,
888 804 1145 925 quod
1194 802 1511 892 dicam.
1665 803 2113 896 Monuiffe
2180 802 2656 911 suffecerit,

428 955 810 1048 eandem
878 947 1070 1060 effe,
1127 983 1405 1072 quam
1484 950 1575 1040 in
1636 951 2142 1098 sapphicis
2211 956 2371 1049 illis
2419 984 2656 1043 com-

360 1099 363 1100 *
426 1118 943 1209 mendatam
990 1113 1212 1205 mihi
1261 1115 1552 1206 habui.
1654 1117 1861 1203 Nec
1907 1111 2129 1204 illud
2176 1140 2406 1236 puto
2452 1146 2659 1238 prae-

427 1264 1115 1359 termittendum
1158 1262 1529 1372 filenti0‚
1599 1261 1861 1383 quod
1940 1259 2341 1363 Thomas
2415 1262 2516 1363 T
2501 1260 2662 1363 ho..

427 1413 738 1553 77mjus
815 1419 1215 1557 Vargas,
1254 1411 1746 1537 Hispanus,
1812 1408 1904 1499 in
1991 1406 2227 1499 notis
2302 1405 2470 1499 suis
2547 1408 2664 1501 ad

431 1572 934 1712 Garcilaffi
989 1575 1101 1674 de
1160 1573 1260 1673 [α
1319 1579 1600 1714 Veget,
1689 1577 1985 1662 Poetae
2031 1567 2428 1692 Hispani,
2483 1603 2660 1662 car-

428 1725 665 1817 mina
710 1728 1076 1818 Madriti
1144 1726 1412 1816 1622.
1475 1726 1607 1815 16.
1659 1726 1948 1832 editis,
2014 1726 2375 1818 latinam
2422 1728 2669 1821 suam

427 1904 762 1966 novem
810 1871 1373 1965 Poetriarum
1419 1874 1935 1963 Graecarum
1970 1868 2480 1964 versionem
2514 1895 2666 1968 no-

431 2020 633 2139 tulis
680 2021 1190 2113 illustratam
1242 2049 1440 2142 pag.
1498 2043 1644 2126 27.
1695 2044 2379 2110 commemorat.
2525 2023 2667 2115 Sic

348 2151 350 2153 ‚
433 2167 525 2255 &
601 2167 814 2273 Nic
863 2157 1328 2273 Affsstolslins
1403 2162 1495 2254 in
1558 2163 2116 2256 Bibliotheca
2191 2167 2665 2293 Hispanica

434 2334 702 2421 Nova
749 2325 1031 2416 Tom.
1083 2325 1185 2412 II.
1252 2368 1335 2458 p.
1392 2356 1604 2447 253.
1654 2327 1965 2416 auAE‘tor
2011 2324 2159 2434 est,
2244 2331 2666 2473 Vargam

438 2493 553 2584 ad
630 2483 1256 2578 colleffionem
1329 2485 1559 2577 hanc
1650 2486 2101 2578 edendam
2194 2485 2670 2612 privilegio

441 2640 741 2764 Regio
773 2640 958 2760 jam
995 2635 1206 2725 inde
1252 2643 1360 2730 ab
1407 2673 1535 2732 an.
1602 2642 1870 2731 1621.
1907 2640 2365 2732 munitum
2393 2639 2647 2732 fuiffe

440 2777 1163 2911 Inscriptio‘haec
1202 2811 1387 2879 erat
1415 2785 1752 2881 futura:
1788 2789 2140 2895 Novem
2176 2783 2677 2928 Musarum

448 2951 840 3068 Chorm,
891 2944 1093 3090 stve
1159 2981 1482 3049 novem
1560 2940 2069 3083 illustrium
2168 2978 2214 3042 e
2279 2945 2677 3049 Graecis

425 3102 1046 3251 foeminarzmz
1103 3095 1710 3242 fragmenta,
1818 3100 2106 3205 denuo
2184 3100 2675 3238 recensita,

2398 3259 2675 3399 veisa
