2794 3744
779 272 927 335 DE
1024 279 1702 332 POETRIIS
1793 279 1945 329 GR.
2408 295 2509 347 ¹29

263 414 343 471 vel
376 417 649 478 Cumaeam
685 414 732 465 &
757 415 1033 467 Cumaeam
1069 408 1367 479 distinguere
1417 407 1587 463 licebit
1624 411 1888 462 autoritate
1932 406 2169 473 Varronis,
2225 410 2313 475 qui
2341 405 2513 462 diserte

261 485 756 580 quartam‘Sibyllam
792 509 1067 562 Cumaeam
1093 508 1145 559 in
1190 504 1349 573 Italia,
1390 522 1543 571 quarn
1583 505 1808 556 Naevius
1849 504 1894 556 &
1929 499 2038 554 Piso
2065 504 2343 570 nominent,
2369 502 2506 572 septi·

263 624 400 661 mam
439 609 719 660 Cumanam
757 606 962 659 nomine
988 599 1278 658 Amaltheam
1319 613 1604 654 memorat:
1658 594 1750 651 nifi
1804 609 1968 650 tamen
1998 614 2088 665 pro
2112 597 2332 649 Cumaea
2370 600 2507 651 Cim-

265 704 478 755 meriam
516 699 598 755 ille
629 697 865 771 scripserit
901 696 1164 768 posteriore
1188 694 1315 762 loco,
1359 692 1498 764 quod
1528 693 1576 745 &
1601 688 1833 759 onuphrio
1860 691 2104 744 Panvinio
2131 693 2186 744 in
2223 689 2309 745 lib.
2346 689 2408 744 de
2433 694 2504 748 Si-

266 794 413 863 hyllis
446 816 495 867 p.
531 815 611 851 ιο.
642 797 800 866 magis
835 792 1045 865 placere,
1087 793 1135 846 &
1174 792 1409 845 Lactanrii
1434 786 1644 843 Codices
1689 784 1927 857 quosdam
1955 784 2219 856 praeferre,
2257 788 2304 840 &
2331 785 2503 842 confir·

266 909 404 946 mare
435 890 620 945 §uidam
663 894 717 944 in
754 886 1032 957 Σίβυλλα,
1067 883 1425 943 animadverto.
1505 883 1625 942 Alia
1662 881 1724 937 de
1761 902 1817 938 ea
1845 895 1999 949 tace0,
2026 901 2152 950 quae
2177 880 2344 952 paffim
2363 886 2505 939 Viris

272 982 426 1041 doctis
450 983 713 1056 diligenter
746 982 942 1039 colle&
966 981 1218 1055 leguntur,
1256 980 1430 1036 Gallaeo
1463 982 1699 1051 inprimis
1726 982 1783 1034 in
1806 977 1893 1034 suo
1918 976 1980 1032 de
2006 977 2204 1045 Sibyllis
2230 981 2406 1047 Opere.

1343 1083 1407 1134 V.

338 1184 759 1239 ANAGORAM
796 1177 1048 1235 Milesiam
1072 1183 1203 1235 inter
1238 1183 1456 1236 Poetrias
1475 1180 1665 1238 censere
1696 1186 1811 1251 quis
1839 1179 2069 1237 dubitet?
2102 1199 2227 1249 quae
2253 1177 2499 1233 decimam

266 1277 488 1346 Musam,
515 1277 753 1332 Lesbiam
779 1276 918 1331 illam
942 1276 1277 1347 sapphonem‚
1299 1277 1458 1333 secuta
1484 1277 1571 1346 cst,
1589 1278 1787 1351 ejusque
1812 1279 2073 1349 disciplina
2104 1276 2329 1349 profecit.
2373 1282 2500 1332 Eam

260 1378 404 1431 enim
440 1379 493 1430 in
515 1371 809 1446 μαθητρίας
851 1373 955 1446 ejus
1006 1370 1180 1430 diserte
1219 1375 1374 1431 censet
1419 1376 1581 1431 Suidas
1632 1382 1687 1432 in
1719 1376 1969 1449 Socordio„
2007 1377 2143 1433 unde
2176 1379 2223 1431 &
2261 1376 2324 1432 de
2348 1391 2500 1433 aetate

265 1470 455 1528 nostrae
490 1469 684 1526 constat.
753 1467 1040 1539 sapphonem
1079 1473 1215 1525 enim
1250 1470 1314 1525 ad
1361 1471 1558 1544 Olymp.
1600 1476 1791 1528 XLIV.
1820 1473 2034 1545 Eusebius
2074 1478 2126 1530 in
2153 1473 2401 1530 Chronico
2429 1494 2500 1529 re·

266 1568 404 1622 tulit.
431 1571 686 1632 Apagorane
701 1581 815 1617 am
850 1562 913 1615 ab
942 1562 1056 1615 aliis
1100 1562 1301 1631 dictam,
1340 1565 1554 1621 relatum
1579 1563 1844 1635 Tit-aqueIlo
1877 1574 1932 1631 in
1969 1574 2086 1637 Leg.
2132 1572 2223 1622 XI.
2270 1567 2497 1623 Connub.

267 1662 417 1723 Gloff.
444 1667 488 1719 1.
513 1664 642 1718 Part.
674 1663 764 1716 x1.
791 1650 941 1715 Torti.
972 1661 1042 1714 11.
1071 1663 1199 1733 Opp.
1229 1682 1337 1736 pag.
1373 1670 1433 1720 18
1445 1685 1490 1737 5.
1519 1665 1565 1722 b.
1600 1666 1741 1742 cujus
1785 1683 1949 1724 tamen
1981 1671 2247 1724 autoritate
2281 1668 2334 1724 id
2359 1673 2407 1725 ci
2443 1667 2499 1725 fit

269 1761 588 1830 affirmatum,
619 1755 801 1814 nescire
825 1774 907 1813 mc
931 1753 1102 1814 satcor.

1326 1865 1417 1917 Vl.

337 1961 627 2014 ANYTEN
670 1961 801 2013 circa
831 1955 1184 2028 Olympiadem
1214 1960 1370 2014 CXX.
1402 1957 1618 2015 floruisse
1656 1978 1715 2015 ex
1740 1952 1939 2013 Taxiana
1979 1956 2109 2031 (vid.
2155 1980 2293 2016 num.
2324 1956 2495 2030 XVI.)

265 2054 467 2125 constat,
506 2058 594 2126 qui
621 2053 827 2109 statuam
852 2053 958 2127 ejus
986 2054 1047 2109 ab
1078 2052 1352 2124 Euthycraee
1384 2058 1431 2110 &
1456 2054 1734 2126 Cephilbdoto
1778 2053 1952 2110 sassam
1992 2053 2090 2110 esse
2126 2062 2228 2126 ait3
2265 2078 2348 2114 eos
2379 2081 2494 2117 vero

262 2155 348 2211 illa
373 2166 525 2208 aetate
544 2147 760 2206 floruisse
785 2167 846 2204 ex
885 2148 1035 2204 Plinio
1060 2149 1190 2204 Hist.
1218 2154 1332 2205 Nat.
1360 2149 1446 2204 lib.
1476 2154 1715 2205 XXXIV.
1742 2170 1842 2219 cap.
1875 2155 1923 2203 8.
1952 2149 2097 2219 segm.
2134 2171 2212 2222 ¹9·
2242 2152 2489 2215 discimus.

258 2249 475 2302 Patriam
501 2248 548 2299 ei
573 2242 888 2314 Epidaurum
924 2240 1238 2312 affignaverat
1281 2243 1465 2299 Fulvius
1495 2242 1682 2317 Ursinus
1728 2249 1784 2299 in
1824 2248 2041 2299 Carmin.
2072 2250 2161 2301 IX.
2198 2252 2391 2306 Femin.
2438 2253 2495 2306 il·

261 2340 397 2396 lustr.
422 2360 530 2410 pag.
567 2345 650 2407 56.
690 2335 825 2392 haud
864 2335 1016 2392 dubie
1049 2341 1195 2393 nixus
1224 2337 1504 2394 testimonio
1541 2339 1814 2410 Pausaniae,
1853 2335 1995 2409 (vid.
2037 2360 2173 2394 num.
2206 2342 2362 2415 XV.)
2402 2351 2494 2413 qui

265 2452 376 2489 eam
412 2430 475 2485 ab
518 2428 800 2497 AEsculapio
825 2427 1105 2497 Epidaurio
1130 2429 1324 2486 missam
1362 2430 1423 2485 ad
1450 2430 1715 2487 sanandum
1757 2433 1999 2488 miraculo
2036 2434 2313 2503 Phalysium
2346 2437 2483 2496 dicit.

264 2532 335 2582 At
360 2530 408 2581 ei
435 2525 527 2580 Vir
553 2540 762 2594 magnus
791 2523 939 2575 latas
975 2521 1232 2595 Holfienius
1255 2527 1307 2579 in
1334 2530 1465 2580 notis
1491 2525 1551 2580 ad
1578 2525 1850 2597 Stephanum
1878 2531 2071 2599 Byzant.
2118 2534 2168 2584 in
2194 2530 2353 2601 Te'yt«.
2378 2556 2489 2591 con·

267 2619 480 2687 tradicit‚
519 2621 566 2673 ⁸<
609 2614 934 2687 Tege-tidem
982 2614 1076 2671 ess'c
1113 2616 1220 2688 (5)
1245 2620 1495 2675 contendit
1521 2624 1608 2677 διε.
1641 2624 1728 2677 &c.
1757 2621 2068 2696 (vidr-supra
2101 2647 2206 2698 pag.
2244 2648 2359 2684 110.
2390 2648 2486 2686 not-

276 2712 357 2787 ι.)
430 2718 574 2767 Vitae
600 2730 770 2782 genus,
789 2708 924 2779 quod
953 2708 1108 2765 secuta
1131 2710 1326 2768 illustris
1348 2713 1465 2769 haec
1493 2713 1677 2772 semina
1713 2718 1830 2784 fuit,
1868 2724 2057 2788 optimc
2088 2741 2147 2775 ex
2176 2721 2283 2777 loco
2324 2723 2489 2791 Paula-

266 2814 348 2866 κὶα
372 2812 581 2865 rimatur
616 2807 746 2862 Clar.
777 2805 1003 2875 Isthmus,
1038 2805 1175 2879 (vid.
1206 2828 1312 2880 pag.
1368 2830 1483 2880 ¹07·
1513 2829 1609 2869 not.
1666 2810 1744 2887 2.)
1796 2832 1975 2885 nempe
2019 2816 2335 2891 Χςησμοποιόι
2379 2840 2484 2876 cam

2410 2915 2487 2972 su·

266 3035 416 3089 (adq.
438 3036 507 3076 IV.
533 3047 570 3074 v.
585 3037 647 3086 4.)
675 3033 813 3073 Ultima
835 3032 975 3071 Ουτοι·
990 3036 1093 3072 ven-'e
1115 3035 1193 3082 jen
1222 3041 1386 3075 camini:
1409 3050 1511 3077 και.
1568 3040 1679 3079 Die?-
1699 3049 1812 3077 anee-
1830 3039 1991 3079 Cha-aua
2014 3043 2036 3079 δ
2063 3044 2214 3079 ‹iz-suec
2242 3041 2373 3082 (fur-ia.
2400 3056 2478 3092 φης

263 3102 308 3152 fi
328 3101 365 3139 h
383 3099 596 3148 conpede.
619 3112 711 3137 enen
725 3094 939 3147 fipuldtrmae
958 3098 994 3131 in
1012 3096 1135 3134 Sicilia
1151 3097 1263 3137 adhue
1281 3111 1407 3139 naues.

318 3171 370 3218 (ς)
397 3165 647 3217 anefluun
678 3167 845 3221 lupuli
872 3170 905 3205 R
944 3167 1119 3222 Heffleuii,
1153 3169 1369 3223 qui'Aw'rn
1398 3174 1601 3231 Tcyu'vu
1628 3185 1693 3225 pm
1718 3174 1844 3231 Ἀμφὶ
1883 3173 1978 3224 apud
2013 3170 2220 3221 Stephana
2256 3172 2339 3222 Byoe.
2383 3173 2482 3219 (vid.

2380 3249 2479 3277 num.

1472 3294 1524 3342 R.
