2794 3744
824 328 1608 386 DEl’onTRlls
1682 331 1829 381 GR.
2360 341 2461 393 157

220 458 487 523 Pulcheriae'
510 465 755 535 praecipua
779 459 893 516 esset
925 459 1177 530 autoriiaS,
1206 458 1351 515 facile
1388 457 1836 524 animadverteret3
1879 452 2114 510 Eudociae
2154 471 2316 510 contra
2345 473 2456 512 eam

220 558 486 617 muliebria
514 556 674 613 studia
705 553 940 612 accendit.
1020 554 1110 609 Illa
1138 554 1367 624 precihus
1396 558 1621 624 primum
1663 549 1838 606 frustra
1870 554 2099 605 animum
2132 552 2453 618 Imperatoris

220 660 447 725 tentavit,
485 669 544 709 ut
580 650 893 723 Praepofitum
920 654 948 705 a
975 650 1233 710 Pulcheria
1257 649 1550 706 abstraRum
1578 646 1668 703 fibi
1698 643 1999 719 adjungeret,
2056 659 2204 715 atque
2230 642 2382 704 ficad
2409 645 2452 699 se

222 748 827 806 Pulcheriae-autoritatem
862 730 1165 801 transferret·
1232 743 1362 800 Inde
1392 764 1528 801 vero,
1555 739 1864 812 chrysaphio
1894 740 2170 812 instigante,
2197 763 2342 814 porro
2386 747 2459 797 in-

223 846 350 905 stans
375 848 619 921 postremo
646 837 952 918 impetravit,
977 861 1035 899 ut
1059 844 1295 900 'aecerfito
1321 841 1611 899 Patriarchae
1660 845 1930 913 imperator
1961 844 2261 912 praeciperet,
2298 840 2458 897 diaco-

227 940 404 1000 nifl'am
440 941 753 999 Pulcheriam
788 955 845 995 ut
883 938 1142 995 ordinaret.
1218 942 1384 1010 Quam
1411 958 1518 994 rem
1557 936 1640 992 ille
1665 957 1789 1008 aegre
1828 934 1991 992 ferens
2030 936 2312 993 clanculum
2356 938 2458 1010 ejus

227 1028 519 1093 Pulcheriae
565 1034 811 1092 indicium
842 1029 986 1104 ¹fecit,
1024 1034 1161 1104 quae
1192 1030 1318 1106 jusso
1351 1031 1413 1088 ad
1443 1032 1721 1087 Eudociam
1770 1030 1968 1087 transire
2013 1031 2316 1105 Praeposito,
2337 1031 2459 1089 urbe

226 1132 436 1202 exeeffit,
473 1137 520 1189 δε
547 1137 788 1203 privatam
815 1136 970 1188 vitam
995 1134 1112 1202 egit.
1190 1133 1271 1184 Sic
1294 1147 1465 1185 rerum
1494 1126 1681 1183 summa
1701 1122 1804 1181 sere
1830 1124 1892 1180 ad
1924 1127 2196 1184 Eudociam
2223 1133 2461 1201 pervenit.

225 1222 392 1303 Quam
416 1231 648 1286 Paullino
683 1235 978 1301 Imperator,
1013 1229 1276 1301 plusquam
1309 1228 1455 1284 ferret
1480 1228 1699 1285 Caesarei
1736 1218 1847 1284 'lecti
1874 1229 2050 1299 honoS,
2071 1230 2248 1299 favere,
2280 1237 2463 1289 interm

214 1329 463 1398 «temporis
493 1316 776 1395 suspicatus,
804 1316 909 1378 orta
936 1321 1204 1393 suspicione
1235 1341 1297 1378 ex
1323 1327 1454 1378 malo
1480 1328 1695 1392 ingentis
1728 1327 1899 1394 pretii,
1937 1324 1999 1379 ab
2023 1330 2331 1396 Imperatore
2367 1331 2467 1382 Eu·

92 1490 101 1494 ‚
203 1422 407 1481 “dociae
422 1416 627 1489 donato,
660 1417 723 1474 ab
751 1439 809 1475 ea
833 1437 952 1475 vero
983 1407 1331 1490 acl'aegrotum
1360 1419 1648 1487 Paulinum,
1685 1423 1984 1492 Imperatori
2027 1426 2120 1492 qui
2147 1438 2247 1478 erat
2278 1428 2334 1479 in
2360 1422 2469 1479 cha-

229 1513 447 1584 riffimis',
483 1507 630 1583 atque
664 1512 768 1583 ejus
799 1530 918 1566 cum
941 1508 1168 1565 'Eudocia
1196 1517 1396 1581 nuptias
1424 1530 1755 1581 promoverat,
1781 1513 1942 1583 misso,
1968 1516 2156 1586 (quod
2176 1532 2339 1572 tamen
2367 1524 2394 1572 a
2423 1517 2468 1572 se

232 1607 415 1667 ficium
436 1626 519 1675 ea,
546 1623 663 1660 cum
687 1598 928 1658 Paulinuss
954 1603 1124 1658 rerum
1150 1608 1381 1659 omnium
1427 1610 1628 1674 ignarus
1666 1605 1800 1661 malo
1831 1607 1921 1662 illo
1949 1607 2140 1663 rursum
2164 1607 2346 1668 donato
2370 1614 2470 1667 Im.

234 1707 444 1778 peratori
471 1720 574 1756 rem
602 1699 764 1772 palam
811 1690 1010 1765 fecisset,
1036 1688 1041 1693 ’
1059 1688 1361 1771 jurejurandi
1386 1690 1636 1778 ⁴religi-one
1688 1699 1966 1769 interposita
1995 1702 2230 1777 negaret)
2276 1703 2468 1761 turbare

238 1820 302 1857 ex
332 1799 417 1856 ista
448 1796 694 1855 occasione
723 1793 974 1850 Eudociae
1009 1789 1292 1848 felicitatem
1331 1790 1553 1848 fortunae
1596 1793 1786 1848 invidia
1814 1801 2004 1867 coepit3
2045 1797 2096 1853 id
2124 1799 2259 1870 quod
2286 1800 2469 1858 fassum

237 1901 367 1951 circa
392 1899 489 1949 An.
517 1906 824 1946 ccccxxxix.
903 1893 1077 1942 Severe
1113 1886 1228 1941 hinc
1272 1889 1544 1957 Imperator
1586 1885 1638 1940 id
1672 1885 1853 1944 fastum
1892 1895 1938 1945 ei
1965 1891 2279 1963 exprobrans,
2308 1897 2467 1951 Pauli·

238 2009 364 2047 num
389 2005 588 2057 quoque
628 1988 789 2054 capite
831 1980 972 2051 plefii
1022 1981 1217 2054 jubens,
1258 1979 1533 2036 Eudociam
1562 2000 1679 2036 vero
1717 1983 1964 2041 malorum
2009 1993 2237 2044 omnium
2276 1989 2468 2045 causam

238 2081 376 2156 pulfi
400 2102 460 2137 ex
484 2079 594 2136 aula
622 2076 883 2133 Pulcheria
920 2074 1008 2131 fibi
1042 2074 1252 2131 extitisse
1286 2074 1601 2147 conquestus,
1641 2095 1771 2146 eam,
1812 2094 1868 2132 ut
1911 2078 2178 2135 discederet
2206 2088 2333 2138 circa
2368 2090 2463 2139 An.

237 2196 487 2233 ccccxciv.
522 2168 943 2241 Constantinopoli
974 2170 1370 2239 Hierosolymam
1393 2173 1439 2224 &
1471 2169 1578 2224 loca
1605 2167 1731 2224 sacra
1759 2169 2031 2241 visitatura,
2073 2181 2331 2245 permovit.
2411 2181 2469 2233 In

235 2290 340 2343 quo
367 2274 543 2327 itinere
567 2264 891 2324 Antiochiam
918 2262 1098 2333 delata,
1134 2262 1301 2319 habita
1339 2263 1400 2320 de
1427 2262 1658 2319 laudibus
1684 2264 1823 2319 urbis
1867 2267 1928 2321 ad
1954 2274 2184 2325 Senatum
2214 2273 2472 2340 populum·

237 2383 340 2435 que
379 2384 441 2419 ex
488 2363 666 2418 throno
714 2381 865 2416 aureo
917 2365 1170 2426 oratione,
1220 2381 1435 2415 auream.
1463 2359 1680 2429 effigiem
1720 2364 1772 2413 in
1811 2366 2008 2431 Senatu,
2047 2363 2249 2419 statuam
2279 2385 2469 2420 aeream

239 2461 295 2512 in
325 2454 493 2511 museo
522 2457 812 2524 promeruit.
843 2472 886 2505 v.
915 2448 1216 2505 chronicon.
1250 2452 1394 2505 Alex.
1429 2469 1536 2521 pag.
1578 2457 1699 2522 316.
1739 2453 2129 2525 Hierosolymam
2155 2457 2310 2514 delata
2344 2458 2468 2512 mul·

238 2564 285 2606 ta
318 2550 386 2607 ibi
416 2552 610 2622 pietatis
646 2546 758 2602 suae
794 2548 1101 2601 monimenta
1141 2543 1506 2615 magnificentia
1539 2551 1674 2616 regia
1713 2546 1982 2604 condidisse
2020 2550 2317 2621 perhibetur.
2364 2551 2464 2606 vid.

239 2644 479 2715 Nicephor.
509 2644 627 2699 xW.
665 2662 745 2711 50.
787 2638 1007 2697 Rediisse
1035 2655 1198 2698 tamen
1219 2641 1409 2698 CPolin
1446 2639 1567 2696 dicit
1598 2642 1792 2711 Gangites
1816 2647 1868 2699 i‘n
1899 2646 2122 2700 Familiis
2151 2651 2350 2715 Byzant.
2374 2646 2402 2699 l.
2424 2668 2462 2700 c.

234 2741 280 2793 &
320 2737 422 2810 post
451 2738 672 2810 conjugis
707 2736 902 2792 obitum
949 2733 1142 2791 rursum
1190 2737 1585 2806 Hierosolymam
1628 2735 1893 2809 proseCiam
1930 2738 2037 2796 effe.
2114 2745 2215 2812 Qui
2243 2758 2377 2797 ortus
2403 2759 2462 2794 ex

233 2851 293 2891 eo
317 2831 384 2888 est
410 2852 566 2902 error,
605 2831 738 2902 quod
767 2835 862 2886 Vir
890 2851 1099 2902 magnus
1127 2831 1534 2904 apud-Evagrium
1564 2830 1690 2889 Hist.
1721 2833 1849 2889 Eccl.
1884 2832 1965 2889 lib.
2000 2836 2039 2889 1.
2068 2856 2167 2906 cap.
2204 2857 2229 2890 a
2247 2857 2283 2889 ι.
2327 2838 2458 2889 Nice-

228 2928 415 2999 phorum
448 2928 572 2986 nist.
610 2928 734 2984 Eccl.
786 2930 902 2984 XIV.
962 2947 1045 2997 50.
1088 2911 1407 2984 Mareellinam
1434 2930 1465 2984 l.
1494 2951 1533 2986 c.
1582 2949 1689 3000 pag.
1738 2950 1837 3001 24..
1862 2926 2064 3001 legisset,
2093 2931 2166 2987 bis
2205 2930 2327 2984 sacra
2354 2927 2456 2981 loca

234 3019 405 3079 adiiss'e
430 3021 718 3079 Eudociam.
802 3027 871 3077 At
900 3021 1026 3078 illud
1051 3021 1486 3091 explicandum-ex
1520 3028 1603 3093 iia,
1643 3041 1780 3093 quae.
1801 3022 1939 3097 supra
1964 3023 2199 3089 diximus,
2238 3020 2298 3075 de
2330 3025 2458 3092 prio·

235 3135 289 3172 re
313 3115 375 3172 ad
403 3136 459 3172 ea
483 3116 588 3174 loca
622 3108 940 3191 prosefflone,
986 3115 1097 3173 voti*
1119 3116 1256 3174 causa
1285 3117 1531 3192 suscepta..
1587 3120 1711 3176 Sane
1757 3137 1817 3175 ex
1852 3116 2101 3188 posteriori
2147 3117 2238 3171 hoc
2279 3120 2453 3171 itinere

233 3230 335 3267 non
358 3208 524 3284 rediit,
561 3226 619 3269 ut
644 3210 737 3284 ipsi
760 3210 1161 3269 animadversum
1183 3215 1350 3284 cangio
1389 3214 1451 3270 ad
1477 3212 1775 3272 chronicon.
1804 3208 2066 3269 Alexandr.
2098 3209 2113 3263 l
2147 3231 2187 3266 c.
2217 3209 2294 3268 sed
2316 3210 2454 3268 diem

1220 3319 1223 3322 “
1294 3317 1297 3320 ’
1369 3309 1418 3362 V
1461 3329 1491 3377 3
2335 3305 2459 3364 obiit
