2794 3744
835 258 1617 358 narona-Rus
1691 299 1840 351 GR.
2373 294 2476 364 »69

233 457 298 492 ua
332 418 565 492 “wera
604 429 736 508 [vid.
774 450 914 487 num.
943 425 1045 503 IL]
1081 428 1366 498 retulimus,
1390 427 1452 483 ab
1489 445 1544 482 ea
1577 427 1818 480 Corinnam
1848 422 2121 479 institutam
2140 422 2300 495 fuiffe,
2328 424 2472 493 adde,

232 528 378 602 quod
402 530 626 587 Pindarus
655 545 857 598 quoque
880 542 941 583 ex
967 504 1126 580 schola
1161 524 1265 598 ejus
1291 519 1544 596 prodiiffe,
1574 518 1740 576 eidem
1779 518 1944 579 Suidae
1973 522 2028 574 in
2053 516 2268 589 Πίνδαρος
2303 519 2468 595 [num.

230 620 364 699 111]
399 624 605 679 dicatur.
683 626 783 678 Cui
808 624 879 678 rei
916 642 1016 676 non
1056 619 1183 676 bene
1208 621 1441 675 convenit
1467 637 1584 672 cum
1610 637 1691 685 eo,
1716 614 1875 686 quod,
1902 633 2021 669 cum
2046 612 2110 668 de
2134 617 2329 669 Corinna
2366 634 2475 684 age-

231 738 418 789 rentur„
458 717 841 786 observavimus,
878 713 1219 787 reprehensam
1244 711 1426 768 scilicet
1460 717 1487 767 ὲ
1522 714 1717 766 Corinna
1743 709 1983 773 Myrtidem
2009 707 2171 778 fuisse,
2210 709 2366 780 quo‘d,
2408 708 2473 764 fe.

232 817 371 869 mim
418 830 544 881 quae
593 810 727 881 estet,
766 830 885 867 cum
908 810 1107 866 Pindaro
1135 812 1190 865 in
1215 823 1463 865 certarnen
1501 804 1715 863 auderet
1745 804 2043 861 descendere.
2123 806 2365 876 Myrtidem
2390 824 2474 860 no·

234 904 642 979 stram-Hminpm
671 904 828 975 μιλῧν
859 903 1028 961 laudat
1060 902 1352 974 Plutarchus,
1399 900 1566 979 [num.
1594 897 1665 975 1.]
1704 916 1851 970 atque
1876 919 1935 955 ex
1969 920 2023 955 ea
2050 899 2112 954 de
2139 897 2343 955 Eunosti
2370 900 2474 956 He-

235 1004 339 1056 τοῖς
392 999 502 1056 loco
554 999 797 1073 quaedam
846 997 1045 1072 profert.
1122 1003 1347 1056 Statuam
1390 996 1495 1071 ejus
1544 994 1780 1051 Boiscum
1818 993 2010 1051 finxiffe
2061 992 2186 1049 dicit
2228 989 2477 1051 Tucianus:

241 1090 405 1171 [num.
433 1092 554 1171 lv]

1305 1197 1395 1251 LI.

307 1289 390 1341 De
427 1289 738 1340 MYSTIDE
774 1286 893 1340 alibi
932 1306 1014 1341 me
1046 1285 1216 1356 legiffe
1256 1308 1357 1342 non
1395 1292 1627 1355 memini,
1673 1287 1763 1342 nisi
1789 1285 1922 1358 apud
1948 1279 2196 1341 ‘Tatianum
2234 1289 2288 1339 in
2330 1288 2466 1338 Orat·

234 1378 299 1434 ad
321 1382 535 1435 Graecos
561 1381 704 1450 segni.
747 1399 827 1448 52.
857 1399 963 1451 pag.
998 1399 1015 1434 1
1034 1399 1113 1449 ¹4·
1145 1380 1221 1435 ed.
1249 1380 1452 1451 Worthi,
1491 1386 1519 1435 ὲ
1548 1401 1651 1451 quo
1687 1387 1813 1436 inter
1839 1379 2052 1435 celebres
2077 1382 2295 1434 Poetrias
2318 1397 2374 1433 ea
2400 1396 2471 1432 re·

235 1469 409 1543 fertur,
446 1470 697 1543 statuaque
733 1474 966 1531 honorata
994 1472 1088 1530 ess'e
1117 1474 1323 1544 dieitur,
1363 1494 1576 1544 eamque
1604 1475 1812 1545 quidem
1833 1474 2109 1547 Aristodotus
2149 1470 2340 1528 finxisse
2365 1491 2471 1543 per-

234 1566 468 1638 hibetur-3
499 1585 557 1624 ut
580 1589 681 1624 non
706 1567 924 1634 videam,
960 1586 1050 1620 cur
1075 1567 1442 1621 meretriculam
1486 1586 1596 1621 eam
1624 1567 1754 1627 dicat
1785 1573 1881 1621 Vir
1911 1565 2085 1620 doaus
2113 1566 2272 1619 franc.
2299 1567 2470 1634 Junius

236 1664 291 1717 in
315 1659 401 1717 suo
424 1664 783 1717 statuariorum
808 1661 856 1713 &
881 1658 1135 1715 Piilorum
1161 1673 1385 1715 veterum
1413 1660 1650 1730 catalogo.

1298 1756 1414 1807 Lu,

308 1849 762 1902 NICOSI'RATA
799 1850 854 1900 in
879 1843 1079 1915 sibyllis
1104 1845 1341 1917 censetur,
1360 1866 1571 1916 eamque
1596 1865 1716 1902 curn·
1740 1845 1988 1902 Carmenta
2016 1845 2223 1902 eandem
2254 1844 2463 1919 faciunt,

236 1937 299 1992 de
327 1958 426 2007 qua
455 1943 504 1993 in
540 1942 848 1995 Poetriarum
892 1943 1184 1996 Latinarum
1226 1938 1425 1996 historia
1458 1938 1624 1995 dicere
1656 1938 1842 1994 malim.
1921 1942 2052 1994 Nam
2115 1938 2255 1995 illius
2283 1940 2469 1997 dicitur

234 2035 467 2088 carminis
492 2031 675 2102 aufior,
716 2037 947 2103 quamvis
972 2038 1125 2089 Arcas
1169 2031 1355 2089 femina
1399 2038 1700 2090 Graecarum
1742 2032 1889 2088 censu
1916 2054 2016 2088 non
2052 2032 2104 2088 snt
2149 2036 2466 2091 excludenda.

234 2127 359 2180 Eam
400 2146 516 2181 cum
547 2118 764 2181 ‘Themide
796 2126 1005 2183 eandem
1034 2125 1192 2183 facere
1218 2128 1513 2183 Plutarchum
1546 2132 1600 2182 in
1626 2126 1908 2197 Quaestion.
1957 2133 2110 2182 Rom.
2138 2133 2203 2184 T.
2236 2130 2306 2184 11.
2336 2134 2461 2199 Opp.

233 2237 338 2291 pag.
372 2226 491 2288 278.
525 2225 581 2275 B.
628 2236 801 2276 notum
832 2219 917 2290 est,
957 2224 1005 2276 &
1037 2235 1146 2278 tum
1178 2214 1385 2292 'quoque
1419 2219 1646 2293 pluribus
1671 2217 1880 2275 dicetur.

1295 2316 1441 2371 Lll'l.

304 2405 533 2460 Nosms
555 2403 813 2460 Locrenfis
835 2404 951 2472 fuit,
973 2405 1111 2472 quod
1134 2405 1274 2461 antea
1305 2425 1403 2462 non
1430 2390 1760 2476 observatum,
1800 2426 1859 2461 ex
1886 2407 2323 2479 epigrammatibus
2352 2416 2463 2478 qui.

236 2493 444 2552 busdam
478 2493 601 2567 ejus,
640 2508 896 2563 nunquam
932 2498 1071 2567 prius
1094 2495 1243 2551 editis
1270 2497 1494 2566 probavit
1521 2498 1656 2554 Rich.
1687 2499 1936 2569 Bentlejus.
1981 2498 2093 2575 [vid
2117 2520 2252 2555 num.
2276 2506 2354 2556 111
2381 2536 2458 2548 ---

235 2583 359 2661 V1.]
396 2585 667 2642 Rhimbonis
692 2590 949 2644 Tarentini
989 2588 1067 2644 vel
1097 2590 1376 2658 Syracusani
1406 2592 1660 2662 aequalem
1688 2589 1852 2664 fuiffe,
1890 2609 2019 2664 patet
2054 2613 2112 2648 ex
2139 2597 2459 2663 epigramma·

236 2698 301 2749 te,
331 2680 467 2750 quod
502 2700 561 2736 ex
610 2680 905 2750 Antbologiae
943 2681 1027 2737 lib.
1057 2685 1146 2738 111.
1187 2682 1344 2740 edidit
1371 2685 1556 2741 Fulvius
1582 2685 1804 2759 (lustum,
1842 2688 1987 2759 [vid.
2030 2707 2165 2743 num.
2199 2680 2279 2759 1.]
2326 2681 2458 2754 quod

234 2779 440 2832 unicum
473 2776 553 2829 ille
579 2773 796 2845 λείψανον
827 2774 931 2847 ejus
968 2781 1179 2846 reperire
1218 2783 1392 2848 potuit.
1469 2779 1633 2836 Aliud
1662 2780 1915 2851 Holftenius
1953 2785 1999 2837 ὅ(
2028 2781 2262 2837 Berkelius
2291 2786 2342 2834 in
2380 2799 2459 2831 no·

236 2872 299 2924 tis
326 2870 389 2925 ad
418 2868 688 2938 Stephanum
723 2866 902 2942 (num.
931 2867 1063 2944 ΙΙΙ.)
1100 2872 1375 2941 attulerant,
1417 2871 1569 2943 idque
1601 2873 1919 2930 emendatum
1949 2879 2104 2947 magis
2137 2875 2272 2932 dedit
2311 2872 2456 2943 paulo

234 2976 346 3026 ante
367 2961 593 3019 laudatus
630 2964 881 3031 Bentlejus,
919 2966 1007 3032 qui
1038 2966 1203 3021 &tria
1232 2967 1326 3022 alia
1370 2966 1557 3024 inedita
1595 2967 1809 3042 ejusdem
1850 2966 2064 3026 feminac
2104 2977 2454 3041 epigrammata

235 3056 292 3112 in
315 3054 480 3113 lucem
515 3059 707 3127 primus
739 3056 960 3126 protulit,
1001 3076 1236 3128 quartum
1263 3067 1316 3118 in
1342 3060 1597 3133 Samytbae
1628 3064 1912 3134 reticulum,
1941 3069 2117 3120 Veneri
2150 3061 2454 3131 dedicatum,

237 3145 383 3204 Saidae
406 3150 465 3203 in
499 3144 761 3207 Audiam
789 3150 834 3205 ὰ
863 3148 1114 3220 Σιμόᾶσιε
1146 3152 1429 3228 allegatum,
1468 3155 1625 3214 edidit
1668 3157 1745 3214 Cl.
1786 3158 1999 3222 Kulierus
2025 3156 2083 3210 ad
2122 3176 2240 3211 eum
2272 3155 2457 3211 Auc‘lo·

1331 3252 1375 3307 Y
2333 3272 2453 3306 rem.
