2794 3744
368 306 466 354 134
1041 274 1905 329 OLEARIIDISS.

364 434 470 467 cam
499 409 787 482 appellatam
814 408 1089 474 statuentes,
1133 404 1269 473 quod
1296 401 1507 470 Delphis
1534 397 1810 461 ὑποφῆτιὸαι
1846 399 2020 465 egerit,
2047 393 2137 447 nisi
2167 397 2279 462 quis
2307 393 2447 463 plane
2473 391 2592 447 Del·

369 509 568 581 phicam
606 504 746 560 Suidae
793 507 838 557 8<
886 503 1039 575 Isidori
1076 499 1314 567 Sibyllam
1343 502 1370 550 a
1412 494 1572 550 nostra
1598 491 1901 561 distinguere
1952 489 2111 559 malit,
2153 488 2290 557 quod
2324 509 2426 544 non
2462 503 2593 543 com-

368 602 668 662 mittendum
711 616 856 670 put0,
913 620 1031 653 cum
1079 598 1255 650 ceteris
1283 590 1531 664 plerisque
1563 592 1766 645 nomine
1800 587 1982 643 scilicet
2020 591 2067 642 &
2107 601 2259 642 aetate
2296 586 2595 641 consentiant

364 706 602 768 utrinque
627 696 754 749 <1182
781 739 791 757 .
869 694 1091 748 Eandem
1109 690 1377 761 Trojanam
1394 702 1533 742 vocat
1564 689 1843 740 Martianus
1891 685 2092 754 Capella
2132 684 2216 738 lib.
2241 686 2308 739 11.
2342 682 2404 738 de
2431 688 2591 754 Nupt-

363 796 536 852 Philol.
558 815 659 863 cap.
691 813 774 845 20.
807 812 851 859 p.
885 810 968 858 40.
992 809 1106 843 nam
1125 784 1351 857 Trojanis
1370 783 1514 839 rebus
1528 782 1740 850 Phrygia
1765 782 1812 834 &
1832 780 1922 835 Ida
1951 799 2096 837 mons
2113 772 2401 837 aceensetur.
2464 786 2590 836 Sane

367 891 460 948 effe
491 889 718 961 Capellae
745 886 983 956 Sibyllam
1010 905 1126 939 cum
1153 882 1314 938 nostra
1340 881 1565 951 eandem,
1603 880 1754 953 paulo
1786 878 1891 949 post
1938 881 2141 936 uberius
2166 880 2363 952 patebit.
2418 884 2598 948 Neque

368 988 463 1042 alia
489 986 555 1042 est
586 990 612 1038 a
642 984 797 1039 nostra
827 980 1063 1051 Gergithia
1091 978 1272 1049 Sibylla
1294 1001 1311 1048 3
1349 997 1565 1048 namque
1590 981 1636 1031 8(
1666 976 1792 1031 illud
1817 977 2040 1033 Troados
2064 977 2312 1049 oppidum
2336 975 2426 1031 fibi
2449 975 2602 1031 hono-

329 1139 331 1141 ,
374 1107 480 1140 rem
509 1083 746 1138 natalium
774 1081 876 1153 ejus
911 1075 1210 1146 vindicabat,
1251 1096 1406 1147 eaque
1444 1075 1506 1131 de
1548 1091 1600 1131 re
1643 1093 1761 1129 cum
1799 1074 2042 1148 Mermeffo
2081 1076 2308 1130 certabat.
2355 1074 2460 1130 vid.
2492 1074 2601 1128 Gal-

368 1183 514 1237 laeum
558 1182 588 1236 l.
636 1204 676 1236 c.
720 1178 811 1235 nisi
837 1194 998 1234 tamen
1025 1182 1072 1231 ei
1106 1183 1179 1235 rei
1212 1176 1381 1246 obstet,
1420 1174 1557 1245 quod
1583 1175 1865 1243 Gergithiam
1893 1174 2083 1227 Solonis
2108 1177 2157 1228 &
2186 1177 2307 1240 Cyri
2333 1174 2486 1225 aetate
2511 1168 2600 1226 flo-

369 1276 517 1333 ruiffe
541 1277 701 1332 Suidas
723 1281 803 1330 ait.
885 1274 1063 1330 Nostra
1098 1279 1237 1329 enim
1274 1288 1384 1328 ante
1420 1272 1625 1343 Trojam
1661 1270 1921 1325 evastatam
1964 1267 2074 1324 fuit.
2151 1260 2417 1342 ‘fheffalam
2443 1265 2600 1322 facere

371 1371 581 1427 eandem
625 1372 826 1440 Suidam,
857 1370 1017 1426 nescio
1055 1369 1180 1439 quid
1230 1373 1447 1438 cogitans
1497 1366 1712 1423 Gallaeus
1760 1367 1790 1420 l.
1825 1388 1865 1421 c.
1900 1364 2085 1435 statuit,
2125 1365 2254 1420 male
2291 1365 2602 1423 confundens

372 1471 560 1536 omnia,
600 1470 647 1520 &
665 1469 799 1522 nulla
832 1467 893 1521 de
922 1466 1079 1535 causa,
1120 1485 1246 1535 quae
1272 1465 1332 1519 de
1358 1469 1521 1520 Manto
1547 1465 1764 1520 Tiresiae
1789 1463 1890 1518 filia
1933 1465 2017 1519 ille
2044 1462 2206 1533 habet,
2245 1464 2306 1520 ad
2332 1466 2604 1535 Delphicam

371 1565 582 1630 Sibyllam
608 1562 838 1639 reserens,
876 1583 1003 1630 quae
1036 1563 1221 1617 diversa
1259 1563 1326 1615 est
1351 1560 1512 1613 Suidae
1547 1560 1608 1610 ab
1640 1559 1725 1610 illa
1753 1561 1940 1626 Manto,
1970 1564 2046 1611 uti
2083 1559 2296 1613 videtur.
2337 1555 2604 1618 Thebanam

372 1678 489 1712 vero
509 1654 622 1712 facit
649 1658 771 1712 hanc
803 1657 1012 1713 nostram
1046 1657 1305 1726 onuphrius
1344 1657 1597 1710 Panvinius
1629 1654 1714 1708 lib.
1743 1653 1806 1708 de
1849 1652 2047 1723 Sibyllis
2073 1654 2103 1708 l.
2133 1676 2174 1708 c.
2202 1655 2355 1724 nulla,
2381 1671 2437 1710 ut
2463 1672 2607 1729 puto,

369 1753 547 1809 idonea
578 1759 723 1809 nixus
751 1760 1023 1811 autoritate.
1102 1760 1296 1826 Nempe
1344 1753 1408 1807 ad
1452 1754 1668 1809 nostram
1705 1748 1871 1820 refert,
1913 1771 2043 1819 quae
2070 1751 2297 1807 Diodorus
2321 1757 2492 1810 Siculus
2512 1756 2600 1812 lib.

369 1854 462 1904 IV.
500 1871 605 1920 pag.
642 1855 701 1904 18
711 1872 757 1920 7.
795 1850 857 1905 de
901 1852 996 1906 alia
1022 1850 1336 1922 Sibyllarum,
1378 1850 1590 1920 Delphis
1648 1852 1926 1917 vaticinata,
1967 1863 2145 1917 narrat,
2186 1869 2338 1917 quam
2364 1853 2609 1922 Daphnem

370 1945 492 2001 dicit
514 1945 731 2002 Tiresiae
755 1945 929 2014 filiam,
970 1947 1030 2001 ab
1067 1952 1310 2017 Epigonis
1353 1952 1482 2000 inter
1529 1943 1880 2000 manubiarum
1925 1949 2175 2013 primitias
2204 1945 2421 2014 Delphis
2446 1950 2605 2007 conse·

371 2042 574 2109 oratam,
612 2041 674 2094 de
703 2061 803 2108 qua
826 2042 912 2095 suo
939 2061 1141 2111 agemus
1172 2041 1298 2109 loco,
1337 2041 1427 2095 ubi
1454 2044 1500 2094 &
1543 2041 1807 2096 sententiae
1831 2040 2054 2114 Onupbrii
2095 2045 2345 2111 originem
2371 2044 2610 2103 indicabi-

373 2138 506 2192 mus».
570 2138 716 2190 Certe
758 2157 817 2190 eo
842 2140 1163 2204 conveniunt,
1204 2136 1340 2204 quod
1383 2139 1597 2207 Delphis
1635 2154 1846 2205 utraque
1873 2134 2152 2202 ὑποφῆτιδὶι
2184 2146 2358 2208 egerit,
2398 2142 2612 2209 Sibyllae

374 2251 557 2287 nomen
579 2230 714 2300 quod
739 2229 929 2301 gesserit
953 2245 1183 2301 utraque,
1221 2233 1268 2285 &
1299 2230 1464 2286 versus
1503 2231 1762 2299 utriusque
1788 2233 2012 2285 Homerus
2057 2233 2192 2298 quod
2230 2236 2606 2303 compilaverit:

373 2327 500 2409 quae
536 2348 599 2380 an
637 2325 852 2382 sufficere
891 2325 1064 2397 poffint
1102 2327 1164 2380 ad
1203 2327 1326 2394 hoc,
1364 2342 1422 2381 ut
1458 2347 1616 2382 unam
1647 2328 1877 2382 dicamus
1915 2341 2184 2394 utramque
2233 2333 2290 2382 in
2326 2344 2460 2383 tanta
2498 2334 2611 2388 reli-

375 2435 591 2492 quorum
643 2427 881 2492 utrinque
927 2420 1224 2492 differentia,
1262 2421 1604 2494 prudentiores
1646 2418 1886 2493 judicent.
1985 2423 2166 2476 Putem
2202 2427 2359 2492 igitur
2404 2426 2613 2486 eandem

381 2511 475 2569 esse
525 2520 733 2574 Artemin
752 2561 769 2588 ,
814 2538 922 2588 quae
971 2520 1016 2571 8<
1066 2516 1298 2587 'Delphica
1349 2517 1531 2587 Sibylla
1582 2516 1712 2572 dista
1747 2515 1877 2585 fuit,
1927 2518 1974 2571 δε
2024 2516 2252 2590 Phrygia,
2291 2523 2339 2573 &
2378 2512 2613 2596 ‘Tr-ajam,

383 2615 432 2667 &
475 2615 754 2682 Mermeffia,
805 2617 852 2667 8<
895 2611 1184 2685 Erythraea,
1223 2616 1271 2667 &
1321 2613 1594 2685 Gergithia,
1632 2617 1681 2667 &
1731 2612 2121 2686 Hellespontiaca,
2173 2613 2236 2668 de
2272 2615 2455 2683 quibus
2496 2618 2615 2673 seor-

385 2704 495 2776 fim,
546 2728 634 2763 cur
680 2724 841 2786 ageret
876 2708 1084 2780 proinde
1103 2754 1121 2783 ,
1169 2709 1308 2765 cauTa
1351 2731 1451 2765 non
1487 2726 1587 2767 erat
1624 2710 1834 2781 Gallaeo,
1891 2710 2050 2765 multa
2101 2716 2378 2780 congerenti
2429 2731 2489 2765 ex
2551 2718 2617 2768 ri-

390 2800 539 2873 vuliS,
580 2803 642 2858 de
673 2791 854 2874 quibus
892 2806 1052 2860 sanius
1094 2805 1291 2880 judicae
1327 2821 1534 2878 poterat,
1574 2808 1611 2863 fi
1652 2806 1814 2863 fontes
1848 2803 2172 2861 consuluiffet.
2260 2811 2332 2860 At
2375 2809 2422 2859 &
2459 2809 2618 2863 Cuma·

339 2946 342 2947 γ
397 2918 503 2952 nam
531 2900 772 2969 Sibyllam
813 2901 1018 2957 eandem
1066 2924 1183 2959 cum
1207 2902 1464 2973 Erythraea
1488 2904 1606 2959 facit
1629 2903 1909 2976 Aristoteles,
1956 2906 2235 2956 Cumanam
2271 2923 2370 2956 non
2397 2907 2423 2956 a
2460 2912 2617 2975 patria

396 2993 478 3049 sed
504 2995 612 3052 sede
639 3003 694 3053 in
719 2998 862 3053 ‘Italia
898 3019 1006 3053 eam
1033 2999 1212 3056 difflam
1237 3000 1331 3056 effe
1372 3002 1433 3056 ab
1473 3002 1633 3070 Italis,
1665 2999 2271 3066 Melachraenamquoque
2303 2998 2363 3052 ab
2399 3000 2513 3056 aliis
2541 3025 2618 3059 co·

404 3098 759 3164 gnominatam,
784 3095 870 3150 lib.
908 3091 1012 3166 περῖ
1041 3095 1226 3164 ἄκεα-μ.
1247 3095 1411 3168 Scope.
1450 3102 1512 3152 Τ.
1545 3100 1744 3174 LOPP·
1768 3115 1817 3164 p.
1849 3101 1965 3150 880.
1996 3099 2053 3148 E.
2095 3094 2326 3148 testatus:
2359 3101 2502 3151 Hanc
2539 3101 2624 3153 Cu·

403 3208 581 3244 manam
604 3190 840 3261 Sibyllam
862 3190 1177 3263 .Deiph0ben
1214 3190 1390 3248 Glauci
1445 3190 1601 3248 filiam
1635 3189 1793 3248 facere
1821 3190 2018 3248 videtur
2055 3191 2265 3259 Virgilius
2304 3193 2500 3249 AEneid.
2527 3197 2617 3248 VI.

2570 3308 2617 3343 V·
