2794 3744
1895 165 1907 198 1

398 288 497 326 122·
1060 266 1581 321 OLEARII
1673 269 1946 323 DISS.

398 398 466 456 hil
488 394 753 467 difflmulem‚
775 397 894 451 citra
922 400 1197 462 jaflamiam
1223 413 1372 451 tamen
1404 399 1610 465 cstxerim,
1638 396 1748 451 mihi
1782 381 2027 453 ad⁸earum
2073 395 2305 470 historiam
2332 396 2521 454 modicus
2549 397 2635 454 ali-

401 497 499 567 quis
522 510 783 564 apparatus.
861 493 1160 550 Veruntamen
1187 516 1285 549 cum
1314 493 1377 549 ad
1393 490 1743 566 perspiciendum
1781 494 2140 563 expoliendumve
2182 494 2233 551 id
2265 511 2370 565 opus
2395 497 2639 553 multorum

2426 619 2642 653 annorum

401 734 439 774 p.
460 734 521 774 53.
578 723 653 760 Pet.
683 719 880 759 Lambecius
908 721 947 759 in
970 722 1170 774 appendice
1191 722 1261 761 IV.
1282 719 1444 772 priorum
1476 720 1640 772 capitum
1669 720 1752 759 libri
1782 722 1834 760 II.
1870 722 2057 761 Prodromi
2076 722 2244 763 Historiae
2269 722 2323 761 lit.
2346 723 2531 764 Secundus
2550 725 2646 764 Lan·

399 785 532 824 cellotus
549 784 583 821 in
603 783 769 834 Hoggidi
798 796 907 822 overo
927 784 1075 836 ingegni
1092 798 1166 822 non
1184 783 1346 822 inferiori
1373 782 1394 820 a
1417 783 1563 832 pastam,
1582 784 1680 826 Part.
1702 783 1756 820 II.
1781 783 1912 834 dising.
1941 784 1979 821 6.
2034 785 2109 822 Pet.
2137 785 2418 837 Laurembetgius
2448 786 2486 824 in
2511 786 2648 825 Acerra

400 845 621 897 philologica
640 857 722 895 pag.
747 845 824 883 606
850 845 926 896 sqq.
955 845 1064 883 Laur.
1087 847 1230 896 Legatus
1260 844 1298 881 in
1316 842 1432 882 Musei
1453 843 1674 882 Poetriarum
1694 842 1862 894 primitiis
1878 844 1925 882 ad
1951 843 2130 882 Ovidium
2159 846 2449 884 Montalbanum.
2474 845 2547 885 vid.
2570 849 2648 886 Leti

402 907 547 947 Italiam
568 920 667 958 regn.
688 909 784 946 Part.
805 909 880 946 III.
900 908 964 946 lib.
985 923 1018 947 2.
1043 922 1079 959 p.
1115 911 1199 959 183.
1227 908 1289 946 ubi
1318 907 1430 945 etiam
1461 921 1540 958 pag.
1569 911 1654 960 185.
1679 907 1845 952 traditur,
1874 907 1974 958 prelo
1993 907 2110 957 parari
2132 907 2180 946 ab
2198 908 2354 947 Auctore
2373 909 2539 947 Murcum
2559 910 2649 958 Poe·-

400 971 551 1010 triarum
578 984 662 1008 cum
681 970 853 1008 iconibus.
908 970 1047 1022 Georg.
1070 970 1292 1008 Christianus
1324 970 1481 1008 Lehmius
1502 970 1538 1006 in
1565 969 1831 1007 Teutschlands
1854 970 2023 1021 galanten
2040 970 2255 1014 Poe'tinnen,
2281 970 2305 1007 s.
2327 970 2538 1008 Germaniae
2561 970 2651 1008 Ροὲ-

401 1033 481 1071 triis
499 1033 632 1084 politis,
644 1034 672 1070 F
676 1031 813 1071 rancof.
835 1046 945 1085 1715.
964 1037 999 1071 8.
1024 1033 1244 1072 Christianus
1266 1031 1440 1075 Liberius,
1463 1031 1537 1069 vid.
1561 1030 1659 1069 infra
1677 1031 1810 1069 Guilh.
1827 1033 2008 1070 Saldenus.
2060 1033 2118 1083 Jo.
2139 1033 2317 1071 Limnaeus
2335 1032 2372 1070 in
2392 1031 2652 1070 Additionibun

341 1118 343 1121 .
402 1097 448 1136 ad
468 1097 528 1147 Jus
547 1096 732 1147 publicum
750 1096 930 1135 Tom.V.
950 1095 1015 1133 lib.
1038 1098 1070 1134 8.
1087 1109 1167 1147 cap.
1190 1109 1222 1146 3.
1251 1097 1284 1132 δι
1305 1097 1339 1130 2.
1359 1107 1443 1145 pag.
1466 1107 1553 1144 340.
1576 1098 1609 1132 δι
1627 1106 1711 1145 pag.
1739 1107 1828 1145 347.
1883 1094 2071 1133 severinus
2089 1095 2293 1145 Lintrupius
2318 1094 2357 1131 in
2379 1093 2506 1131 TraEt.
2523 1092 2654 1132 affecto

401 1159 447 1197 de
467 1158 611 1197 feminis
630 1157 783 1197 eruditis.
812 1156 885 1197 vid.
906 1158 1026 1197 ‘Thura
1051 1157 1088 1195 in
1125 1157 1223 1208 praef.
1246 1157 1293 1194 ad
1313 1156 1539 1206 Gynaeceum
1557 1157 1688 1195 Daniae
1706 1156 1760 1194 lit.
1787 1168 1870 1207 pag.
1887 1170 1925 1207 4.
1981 1155 2107 1196 Nicol.
2137 1157 2282 1195 Lot-inus
2303 1156 2363 1193 del
2380 1156 2498 1202 Monte
2511 1154 2548 1192 in
2566 1153 2653 1194 Elo-

404 1222 442 1273 gi
465 1221 558 1260 delle
584 1221 647 1274 pin
690 1220 882 1273 principali
906 1220 927 1259 ὲ
952 1222 1058 1259 Sante
1076 1220 1208 1258 Donne
1232 1218 1290 1256 del
1310 1220 1422 1269 Sagro
1448 1219 1665 1256 Calendario
1682 1231 1702 1254 e
1716 1217 1972 1268 Martirologio
1987 1220 2168 1262 Romano,
2185 1216 2340 1268 Vergini
2359 1215 2508 1254 Mar-tiri
2533 1216 2579 1254 ed
2599 1215 2652 1254 21-

403 1295 457 1324 tre
475 1283 577 1322 Meffi
596 1282 739 1320 insieme
756 1295 823 1321 con
845 1292 956 1321 morte
984 1281 1123 1333 vigilie,
1153 1282 1180 1318 F
1185 1281 1310 1318 lorent.
1337 1281 1447 1329 1617.
1466 1292 1498 1328 4.
1526 1280 1610 1317 Car.
1630 1280 1765 1317 Anton.
1781 1279 2061 1321 Moechiavellus
2079 1279 2116 1316 in
2134 1277 2259 1318 Bitisia
2276 1277 2507 1323 Gozzadina,
2531 1278 2589 1316 seu
2605 1275 2653 1315 de

403 1344 597 1390 mulierum
615 1345 812 1382 Donoratu
834 1343 1062 1395 apologetica
1090 1342 1198 1392 legali
1224 1341 1389 1379 historica
1412 1339 1664 1385 dissertatione,
1693 1342 1834 1379 Bonon.
1865 1354 1976 1391 1722.
1995 1355 2032 1391 4.
2048 1340 2123 1378 vid.
2143 1341 2224 1379 Aa.
2245 1341 2306 1380 Er.
2331 1354 2442 1392 1724.
2462 1352 2547 1393 pag.
2565 1353 2654 1392 239.

404 1406 462 1457 Jo.
481 1406 722 1450 Maldonatus,
739 1404 803 1456 qui
819 1404 864 1443 de
890 1403 1081 1442 illustribus
1102 1402 1311 1440 mulieribus
1332 1401 1494 1451 scripsisse
1519 1401 1664 1446 dicitur,
1691 1403 1775 1440 teste
1795 1402 1947 1453 Tejffierio
1965 1403 2002 1440 in
2025 1401 2407 1454 AufiuarioCatalogi
2425 1401 2598 1441 Biblioth.
2619 1413 2659 1451 p.

409 1481 494 1520 ¹59·
549 1467 691 1505 Mutius
721 1468 931 1516 Marffredus
964 1466 1004 1503 in
1025 1476 1128 1504 cento
1159 1466 1291 1503 Donne
1318 1464 1460 1508 illustri,
1487 1462 1662 1514 allegatus
1681 1463 1704 1500 ὁ.
1722 1463 1982 1502 Maccbiavello
2006 1465 2043 1501 in
2065 1464 2189 1503 Bitisia
2210 1463 2439 1502 Gozzadina.
2476 1464 2533 1515 Jo.
2553 1463 2656 1502 Mat-

403 1530 518 1571 thaeus
530 1528 701 1566 Lunensis
717 1528 754 1566 in
774 1542 882 1578 opere
897 1527 943 1564 de
965 1527 1181 1564 mulieribus
1200 1525 1322 1567 claris,
1348 1525 1458 1562 Paris.
1484 1536 1597 1573 1520.
1620 1527 1656 1560 8.
1683 1523 1756 1559 vid.
1773 1524 1892 1565 Mich.
1920 1526 2086 1562 Neandri
2106 1525 2204 1573 praef.
2225 1525 2271 1561 ad
2291 1527 2498 1564 Erotemata
2515 1524 2658 1564 Graecae

404 1590 557 1641 Linguae
572 1602 611 1640 p.
635 1602 677 1639 15
686 1602 719 1640 5.
779 1588 909 1638 AEgid.
941 1587 1121 1635 Menagius
1158 1587 1195 1622 in
1221 1584 1364 1621 historia
1390 1585 1585 1620 mulierum
1612 1583 1926 1632 Philosopharum,
1967 1583 2087 1633 Lugd.
2113 1584 2225 1634 1690.
2252 1587 2288 1621 8.
2325 1586 2479 1624 Accedit
2499 1585 2662 1635 ejusdem.

405 1653 702 1692 Commentarius
718 1652 856 1690 italicus
875 1652 910 1687 in
934 1650 1027 1687 VII.
1050 1650 1221 1686 Sonetum
1242 1646 1269 1684 F
1273 1659 1371 1683 rane.
1393 1646 1592 1684 Petrarchae
1611 1644 1632 1683 ὲ
1648 1659 1686 1684 re
1703 1658 1775 1684 non
1794 1645 1942 1684 alienus.
1971 1644 2046 1684 vid.
2064 1646 2190 1697 Journ.
2211 1645 2268 1698 Se.
2292 1646 2403 1698 1690.
2425 1660 2488 1698 39.
2509 1659 2546 1698 p.
2566 1659 2658 1698 710.

407 1718 442 1753 δι
469 1716 583 1767 1691.
607 1728 640 1753 1.
662 1727 698 1765 p.
735 1714 781 1752 16
809 1713 861 1763 sq.
893 1712 1025 1750 Giorn.
1054 1709 1093 1747 di
1126 1711 1257 1747 Parma
1285 1708 1392 1758 1690.
1416 1707 1501 1758 eph.
1522 1721 1558 1760 9.
1595 1720 1679 1758 pag.
1711 1708 1799 1746 206.
1827 1709 1987 1758 Basnage
2016 1707 2111 1746 Hist.
2131 1708 2193 1746 des
2211 1710 2403 1760 Ouvrages
2418 1709 2480 1748 des
2497 1709 2657 1762 Scavano

411 1777 529 1828 1691.
553 1775 628 1826 Jul.
650 1787 686 1825 p.
711 1788 796 1826 512.
819 1777 853 1811 δε
879 1773 961 1810 A&
987 1773 1050 1809 Er.
1084 1770 1194 1818 1691.
1219 1781 1255 1819 p.
1279 1781 1366 1819 535.
1386 1773 1419 1805 δε
1437 1766 1708 1819 recusaabsque
1723 1767 1989 1806 commentario
2020 1767 2058 1805 in
2088 1769 2338 1813 Petrarcham,
2368 1768 2520 1808 Amstel.
2542 1770 2656 1822 1692.

410 1852 470 1878 12.
491 1842 525 1876 &
549 1837 588 1875 in
604 1836 661 1874 ed.
681 1848 776 1874 nova
791 1833 965 1884 Diogenis
983 1831 1136 1876 Laeuii,
1162 1829 1362 1869 Amstelod.
1392 1829 1500 1880 1693.
1521 1842 1554 1879 4.
1587 1828 1662 1867 vid.
1683 1830 1950 1868 Boekzaalvan
1970 1831 2118 1880 Europe
2141 1831 2249 1882 1692.
2278 1832 2328 1870 II.
2351 1844 2390 1882 p.
2425 1834 2515 1881 384.
2543 1834 2577 1870 δι
2595 1832 2659 1871 Ci-

403 1902 488 1940 nelli
503 1899 676 1940 Biblioth.
699 1898 786 1938 Vol.
808 1899 940 1937 Scanz.
976 1909 1035 1945 1-9·
1071 1906 1155 1944 pag.
1188 1907 1232 1945 15
1262 1893 1310 1944 sq.
1358 1893 1416 1942 Jo.
1438 1893 1616 1942 Meurſsus
1645 1891 1683 1929 in
1715 1891 1888 1930 Auaario
1917 1892 2145 1944 philologico
2170 1906 2249 1944 cap.
2271 1898 2332 1943 36.
2355 1893 2418 1931 ubi
2437 1893 2568 1945 probat
2583 1894 2659 1933 Ru.

404 1975 598 2004 manorum
615 1960 779 2011 virgines
795 1958 834 1996 in
851 1957 979 1995 ludum
997 1955 1195 1992 literarium
1221 1953 1339 1990 missas
1356 1953 1435 1990 effe.
1465 1953 1520 2003 J0.
1545 1953 1663 1991 Gerh.
1686 1953 1919 1996 Meuschenius
1938 1952 1975 1990 in
1996 1953 2184 1991 Curieuser
2208 1953 2448 1992 Schaubiihne
2479 1954 2658 2006 gelahrter

409 2010 555 2064 Damsss
571 2034 643 2068 aus
676 2020 772 2062 Asia,
812 2015 952 2060 Africa,
975 2016 1135 2064 Europa,
1162 2012 1305 2063 voriger
1329 2013 1403 2052 und
1433 2013 1588 2064 jetziger
1620 2013 1719 2058 Zeit,
1740 2013 1764 2051 s.
1793 2013 1958 2052 Theatro
1974 2014 2111 2053 curioso
2128 2015 2347 2053 feminarum
2373 2016 2594 2054 eruditarum
2612 2027 2662 2054 ex

409 2084 497 2125 Asia
514 2087 586 2120 διο.
605 2079 773 2128 Francos.
797 2080 831 2115 δε
850 2075 948 2127 Lips.
977 2075 1084 2124 1706.
1106 2077 1141 2112 8.
1160 2073 1233 2110 vid.
1257 2074 1428 2111 Tenzelii
1446 2075 1622 2113 Biblioth.
1644 2076 1736 2113 Cur.
1765 2075 1878 2126 1706.
1901 2090 1938 2127 p.
1958 2077 2046 2127 346.
2075 2077 2132 2128 Jo.
2161 2077 2319 2116 Peresius
2338 2079 2438 2128 Mota
2465 2077 2504 2116 in
2525 2075 2658 2121 Tra&-

388 2147 454 2187 'de
469 2140 616 2184 eruditis
631 2138 852 2178 *mulieribus
870 2136 1075 2187 Hispaniae,
1102 2133 1262 2172 Madriti
1285 2138 1392 2185 1583.
1412 2135 1485 2172 vid.
1516 2136 1671 2173 Paullini
1702 2136 1989 2176 Zeitkiirtzende
2021 2138 2229 2177 erbauliche
2258 2139 2345 2178 Lust
2361 2141 2459 2178 Part.
2481 2139 2537 2177 11.
2571 2150 2658 2189 pag.

417 2209 526 2260 1098.
557 2201 695 2243 Gottfr.
727 2190 906 2243 σκάψω,
927 2197 1032 2247 Resp.
1052 2196 1109 2247 Jo.
1132 2195 1339 2233 Christiano
1357 2197 1512 2240 mum-0,
1539 2197 1577 2233 in
1595 2197 1726 2234 differt.
1744 2196 1791 2232 de
1808 2199 1957 2235 Poeans
1984 2200 2122 2248 graecis,
2142 2199 2242 2249 Lips.
2264 2202 2374 2248 1708.
2404 2212 2444 2250 4.
2498 2199 2662 2250 Magna.

412 2270 508 2310 Dan.
525 2263 823 2312 Omeifius,Resp.
849 2259 1055 2310 Christoph.
1073 2257 1277 2296 Christiano
1295 2258 1497 2302 Haendelio,
1510 2257 1545 2294 in
1566 2257 1696 2294 differt.
1713 2257 1758 2295 de
1769 2257 1978 2296 Germaniae
1996 2259 2138 2296 feminis
2150 2259 2312 2303 eruditis,
2332 2260 2467 2299 Altorf.
2488 2260 2600 2300 1688.
2615 2275 2657 2312 4.

411 2331 469 2382 Jo.
489 2324 655 2378 Pasthius
673 2325 710 2362 in
728 2323 913 2374 Gynaeceo
929 2320 1049 2363 dodo,
1067 2317 1220 2356 Witteb.
1241 2317 1353 2356 1686.
1374 2330 1410 2365 4.
1426 2316 1545 2354 recuso
1564 2316 1614 2354 ib.
1639 2329 1745 2375 1701.
1762 2330 1799 2366 4.
1819 2317 2021 2368 iterumque
2034 2319 2294 2357 mendofiffime
2311 2319 2373 2357 sub
2386 2321 2441 2358 tit.
2462 2322 2520 2370 Jo.
2541 2321 2658 2359 Andr.

412 2383 564 2431 Planeri
580 2386 772 2425 Traaatus
795 2382 842 2421 de
861 2382 1047 2432 Gynaeceo
1063 2378 1184 2423 doeio,
1202 2377 1239 2416 d.
1259 2378 1287 2415 i.
1325 2390 1397 2415 von
1414 2377 1605 2427 gelahrten
1624 2377 1653 2414 F
1656 2376 1936 2421 rauenzimmer,
1969 2378 2018 2414 ib.
2044 2392 2105 2427 ¹7¹
2116 2391 2151 2429 5.
2185 2392 2223 2428 4.
2276 2379 2506 2418 Christianus
2529 2381 2666 2419 Franc.

414 2450 581 2491 Paullini
607 2448 647 2486 in
682 2443 1001 2496 Philosophischen
1032 2437 1269 2490 Feyerabend
1296 2437 1320 2475 s.
1348 2437 1461 2475 Feriis
1485 2436 1740 2488 philosophicis
1758 2449 1859 2495 num.
1889 2450 1924 2487 5.
1943 2449 2025 2488 pag.
2052 2450 2126 2488 ¹40
2152 2438 2204 2489 sq.
2242 2451 2327 2476 cum
2348 2452 2422 2490 quo
2438 2439 2533 2478 libro
2563 2440 2661 2480 conf.

414 2514 566 2554 Eckarti
581 2500 767 2560 Excerpta
792 2506 974 2544 menstrua
988 2501 1193 2554 germanice
1207 2500 1303 2539 edita
1324 2512 1435 2550 ¹70¹·
1467 2499 1547 2549 Jan.
1567 2512 1652 2550 pag.
1675 2501 1718 2536 18
1735 2498 1811 2549 sqq.
1869 2498 1969 2540 Idem
2001 2500 2164 2538 Paullini
2187 2502 2225 2539 111
2245 2501 2358 2540 Hoch
2386 2503 2459 2541 und
2485 2503 2663 2556 vvohlge·

402 2571 562 2614 *lahrten
579 2570 607 2608 F
611 2568 876 2608 rauenzimmer
895 2564 920 2602 s.
946 2566 1125 2611 Gynaeceo
1149 2561 1254 2600 doeio
1274 2560 1373 2611 Lips.
1393 2572 1502 2611 ¹705·
1529 2562 1564 2597 8.
1584 2560 1658 2598 vid.
1681 2559 1837 2598 ‘tenzelii
1853 2558 2030 2598 Biblioth.
2052 2560 2139 2598 Cur.
2167 2562 2373 2612 germanice
2393 2563 2529 2602 editam
2550 2575 2659 2615 1705.

417 2615 502 2687 pag.
521 2644 611 2685 905.
633 2631 720 2668 &ed
750 2629 854 2668 211612
876 2625 1043 2666 Francos.
1066 2636 1175 2676 1712.
1204 2626 1239 2662 8.
1265 2622 1384 2662 Edvv.
1402 2623 1540 2674 Philips
1557 2623 1596 2659 in
1614 2621 1778 2659 Theatro
1797 2621 2000 2665 Poetarum,
2027 2635 2067 2660 or
2084 2635 2105 2660 a
2125 2623 2307 2673 compleat
2322 2623 2511 2663 collection
2536 2624 2585 2663 of
2598 2623 2664 2666 the

417 2687 536 2739 Poeta,
563 2691 753 2744 especially
782 2690 844 2730 the
859 2690 950 2730 most
975 2687 1135 2726 eminent
1159 2685 1205 2724 of
1223 2684 1272 2723 all
1293 2687 1404 2736 Ages,
1432 2684 1550 2729 Lond.
1574 2684 1685 2735 1675.
1713 2697 1771 2725 12.
1798 2683 1835 2720 111
1856 2682 1958 2733 cujus
1985 2683 2055 2722 sine
2081 2684 2159 2734 agit
2175 2684 2222 2720 de
2249 2683 2396 2733 po'e‘triis
2414 2694 2490 2722 tam
2507 2685 2666 2736 antiquis

416 2755 528 2812 quam
546 2749 816 2792 recentioribus.
871 2750 1094 2790 Philochorus
1112 2747 1337 2788 Atheniensis
1354 2746 1391 2783 in
1409 2746 1504 2784 libro
1527 2745 1727 2797 deperdito,
1761 2757 1870 2796 quem
1890 2745 2081 2795 inscripfitt
2106 2745 2341 2800 zvmyfflyh
2364 2743 2559 2802 ‘Hpmwm
2577 2744 2663 2794 ἤτοι

416 2802 694 2875 Γὲνθαγαμίυν
715 2816 920 2871 γυναικὸν.
945 2811 1023 2851 vid.
1041 2808 1186 2852 Siaidam
1202 2810 1242 2849 in
1259 2811 1497 2868 ombxopssa.
1519 2808 1712 2860 Philippus
1738 2805 1925 2843 Picinellus
1945 2805 1979 2842 in
1999 2805 2216 2843 feminarum
2243 2806 2437 2855 Scripturae
2462 2808 2498 2845 S.
2520 2807 2660 2860 elogiis,

417 2862 584 2922 centuria
597 2862 686 2930 sing.
703 2876 874 2917 Norimb.
898 2877 1006 2927 1694.
1031 2888 1085 2914 12.
1106 2874 1160 2925 Jo'.
1182 2876 1307 2918 Pinus,
1328 2873 1544 2917 Tolosanus,
1559 2871 1597 2908 in
1613 2869 1764 2907 tractatu
1782 2867 1827 2904 de
1841 2867 1946 2904 claris
1967 2864 2126 2910 feminis,
2144 2865 2248 2903 Paris.
2267 2879 2375 2917 ¹52¹-
2394 2866 2456 2904 fol.
2490 2867 2665 2921 Josephm

419 2944 446 2984 ἃ
463 2923 644 2999 mimmii
661 2936 830 2994 scripfiffe
843 2937 975 2976 dicitur
997 2937 1044 2974 de
1061 2936 1166 2974 claris
1182 2936 1268 2974 viris
1285 2938 1320 2974 Se
1339 2933 1553 2974 mulieribus
1579 2945 1634 2970 an.
1665 2942 1772 2982 1550.
1797 2927 1882 2966 teste
1901 2929 2054 2977 ‘Tezffirio
2072 2927 2108 2964 in
2137 2927 2253 2965 Catal.
2275 2928 2448 2966 Biblioth.
2469 2941 2549 2980 pag.
2573 2944 2664 2982 207.

421 3002 534 3044 Vinc.
564 2999 727 3042 Pla-edus
747 2997 786 3037 in
802 2998 954 3047 tractatu
981 2996 1148 3047 promisso
1165 2995 1209 3035 de
1235 2995 1373 3048 scriptis
1391 2999 1426 3034 δε
1452 2991 1685 3044 scriptoribus
1705 2987 1925 3040 juvenilibus
1944 2990 1975 3024 &
1996 2985 2244 3024 muliebribus·
2265 2986 2341 3024 vid·
2365 2988 2529 3039 Morhcfii
2553 2991 2663 3042 Poly-

419 3062 502 3104 hist.
520 3061 580 3104 lit.
603 3059 670 3100 lib.
690 3067 830 3111 nup.
863 3071 918 3109 19,
945 3058 977 3106 ς.
997 3070 1059 3109 59.
1115 3057 1171 3107 Jo.
1200 3056 1320 3095 Andr.
1349 3055 1539 3100 Planerus,
1560 3053 1635 3092 vid.
1655 3052 1759 3101 supra
1781 3049 1838 3100 J0.
1867 3049 2044 3098 Paschius.
2082 3047 2138 3098 Jo.
2165 3046 2304 3086 isaacus
2332 3050 2510 3088 Pantanus
2536 3052 2575 3090 in
2601 3054 2671 3094 Bi·-

418 3121 600 3165 bliotheca
616 3118 836 3163 feminarium
852 3116 1015 3158 doffl’im
1030 3129 1074 3158 ac
1085 3116 1183 3157 fama
1201 3116 1404 3161 illustrium,
1420 3127 1531 3170 quam
1552 3111 1650 3166 prelo
1671 3109 1822 3163 paravit,
1842 3120 1878 3145 v.
1895 3106 1980 3145 Alb.
2000 3107 2118 3146 ‘Thura
2137 3107 2173 3145 in
2193 3107 2288 3158 praef
2311 3108 2357 3146 ad
2376 3109 2494 3147 ideam
2506 3111 2591 3151 'hist-
2607 3114 2663 3157 lit.
2743 3118 2759 3126 ⁸

419 3184 613 3226 Danorum
634 3194 717 3234 pag.
740 3193 800 3232 ¹4·
852 3173 1014 3232 Angelus
1034 3177 1210 3219 claudius
1229 3178 1438 3218 Ptolomeus
1455 3175 1496 3215 in
1511 3171 1618 3214 laude
1637 3171 1733 3213 delle
1750 3171 1884 3212 Donne
1911 3168 2114 3222 Bolognefi,
2135 3170 2171 3208 in
2191 3170 2351 3222 Bologna
2376 3185 2479 3223 ¹5¹4-
2506 3174 2570 3225 qui
2586 3187 2664 3216 mg„

415 3252 577 3287 moratur
591 3240 892 3287 &Maccbiavello
908 3235 1335 3322 in'Bitisleozzadiun.
1390 3235 1495 3280 Tho.
1517 3234 1694 3288 Reinefiue
1709 3232 1749 3275 in
1766 3229 1964 3275 variarum
1989 3229 2204 3271 Lectionum
2233 3230 2297 3271 lib.
2317 3231 2372 3271 11.
2397 3243 2479 3283 αφ.
2505 3235 2659 3349 aba&
