2794 3744
419 212 513 260 128
1022 212 2027 287 OLEAR11D1svs.

412 358 559 405 quem
604 342 905 393 MALTEA
945 341 1042 409 est,
1084 343 1308 396 Rutilium
1336 348 1456 397 item
1486 350 1538 398 in
1564 348 1748 397 Itinere
1800 345 1884 397 lib.
1927 350 1995 416 II.
2042 367 2088 398 v.
2148 367 2227 415 53.
2272 346 2409 418 cujus
2451 350 2641 419 vulgati

413 440 768 492 ALTAEAM
798 435 991 491 habent.
1033 437 1138 509 (4)
1198 438 1455 491 Habemus
1483 456 1599 505 ergo
1629 438 1917 492 Amaltheam
1941 442 1987 492 &
2022 442 2288 508 Cumanam,
2329 447 2374 497 8<
2405 445 2642 514 Sibyllam

413 536 458 586 3<
487 539 766 589 carminum
799 533 1116 588 fatidicorum
1147 533 1396 586 aufiorem
1433 534 1648 588 Varronis
1689 538 1735 590 8(
1763 541 1913 592 Servii
1943 542 2221 592 autoritate.
2300 544 2424 594 Eam
2451 542 2511 596 ab
2537 545 2648 600 aliis

411 631 751 700 Demophilen
779 635 821 683 8<
853 629 1159 700 Herophilen
1200 628 1381 682 dietam
1410 629 1624 701 ejusdem
1652 631 1867 685 Varronis
1893 631 2074 686 constat
2101 631 2399 703 testimonie,
2427 637 2503 690 vel
2525 642 2646 691 Hie-

410 725 673 794 rophilam,
713 722 866 777 ut-est
906 722 1037 792 apud
1067 722 1247 776 &riclam
1276 727 1329 775 in
1371 720 1643 784 Σίβυλλαι.
1722 724 1870 794 Quod
1899 723 1934 778 si
1960 746 2134 780 verum
2161 726 2247 795 est,
2294 727 2418 797 quid
2455 729 2645 789 Tibullo

411 816 439 870 l.
470 838 510 871 e.
542 820 816 871 iaciemus?
857 820 946 885 qui
976 831 1213 886 tanquam
1243 815 1482 870 diversam
1510 815 1570 870 ab
1592 817 1854 872 Amalthea
1881 817 2054 889 allegat
2081 825 2134 873 in
2159 818 2288 874 istis:

705 993 942 1076 ,Quicquid
963 1006 1223 1077 Amalthea,
1255 1008 1469 1078 quicquid
1495 1012 1735 1079 Marpeffia
1776 1009 1918 1079 dixi13

779 1106 1037 1178 Hei-ophile‚
1066 1105 1222 1162 Phoebo
1263 1125 1422 1179 grata,
1461 1109 1580 1178 quod
1606 1109 1846 1163 admonuit.

406 1307 471 1358 Et
504 1322 628 1359 certe
657 1305 765 1362 sunt
800 1307 905 1376 alii,
944 1313 1031 1375 qui
1063 1313 1238 1367 Samiae
1264 1307 1455 1375 Sibyllae
1485 1308 1610 1362 illud
1663 1329 1843 1387 nomen
1874 1307 2138 1376 Herophiles
2164 1309 2440 1380 vindicent,
2468 1325 2524 1365 ut
2546 1316 2642 1368 Eu-

390 1403 545 1473 sebius
575 1405 658 1459 lib.
690 1405 808 1475 post.
842 1406 1076 1461 Chronic.
1101 1407 1165 1462 >ad
1194 1407 1390 1475 Olymp.
1424 1410 1593 1460 XVII.
1629 1426 1706 1460 an.
1742 1410 1782 1459 1.
1813 1405 1918 1472 alii,
1962 1408 2053 1472 qui
2080 1406 2350 1476 Delphicae,
2378 1422 2435 1461 ut
2461 1409 2640 1463 Solinus

405 1520 504 1569 cap.
540 1503 608 1552 ΙΙ.
645 1499 874 1566 Polyhist.
905 1500 939 1553 fi
966 1506 1183 1568 genuina
1210 1500 1278 1553 est
1317 1500 1476 1565 leffio,
1512 1519 1664 1565 quam
1691 1498 1822 1566 apud
1857 1517 1975 1549 eum
2013 1498 2230 1552 restituit
2277 1500 2522 1571 Salmafius
2546 1506 2642 1555 Ex·

403 1596 558 1646 ercitt.
587 1592 714 1645 Plin.
743 1597 891 1646 Torn.
921 1596 960 1645 Ι.
984 1614 1091 1662 pag.
1127 1612 1151 1658 5
1165 1611 1208 1659 5.
1251 1612 1291 1644 a.
1335 1591 1395 1642 E.
1474 1593 1598 1642 Eam
1625 1586 1841 1642 floruiffe
1859 1592 2130 1656 Tarquinii
2158 1591 2366 1660 Superbi
2399 1605 2640 1663 tempore,

402 1707 461 1741 ex
488 1685 586 1740 huc
629 1684 782 1753 usque
809 1684 953 1738 diffls
998 1700 1127 1754 patet
1171 1688 1298 1738 circa
1326 1683 1678 1753 Olympiadem
1725 1687 1783 1737 L.
1832 1682 1969 1754 juxta
2017 1682 2158 1736 Solim'
2197 1689 2635 1756 computationem.

400 1782 521 1841 Qua
557 1784 746 1834 ratione
773 1777 1050 1833 solidiffime
1077 1781 1340 1847 evincitur,
1382 1797 1491 1831 eam
1518 1775 1610 1831 esse
1651 1798 1749 1831 non
1776 1773 1924 1847 posse,
1963 1795 2071 1844 quae
2120 1776 2240 1833 belli
2266 1780 2470 1852 Trojani
2518 1795 2639 1835 tem-

397 1890 518 1940 pore
559 1873 723 1925 AEneae
760 1868 957 1923 oracula
994 1867 1152 1922 edidit
1182 1867 1314 1938 apud
1352 1867 1588 1936 Virgilium
1614 1870 1660 1922 &
1685 1868 1914 1926 Ovidium,
1965 1867 2103 1936 quod
2144 1868 2298 1923 solide
2342 1870 2638 1926 demonstra-

395 1977 506 2018 tum
543 1966 761 2037 Salmafio
789 1967 1125 2034 concedimuS,
1166 1966 1314 2020 modo
1342 1987 1402 2020 ne
1452 1967 1537 2020 ille
1563 1966 1705 2020 nobis
1730 1981 1888 2036 neget,
1933 1970 2211 2022 Cumanam
2241 1968 2451 2025 nostram
2494 1969 2638 2029 fuisse

397 2061 444 2112 &
466 2048 722 2126 Sibyllam,
762 2059 815 2112 id
841 2064 978 2113 enim
1010 2057 1218 2115 firmiter
1262 2076 1422 2116 tenere
1461 2083 1548 2116 nos
1579 2063 1715 2134 jubet
1740 2067 1957 2119 Varronis
2006 2070 2254 2122 autoritas,
2332 2068 2497 2121 Patria
2522 2087 2640 2123 vero

399 2171 462 2205 an
486 2151 613 2205 duae
639 2151 753 2206 illae
778 2157 932 2205 Vates
954 2155 1021 2204 ita
1048 2146 1418 2222 distinguendae
1446 2154 1551 2220 fint,
1594 2171 1651 2208 ut
1688 2161 1913 2209 Cumana
1940 2159 2119 2225 nostra,
2147 2159 2294 2212 altera
2319 2164 2539 2213 Cumaea
2563 2159 2639 2212 di-

400 2259 556 2314 catur,
580 2248 608 2298 a
635 2242 771 2314 Κύμῃ
812 2242 950 2298 Afiae
974 2242 1079 2312 ista,
1115 2244 1198 2299 illa
1239 2251 1266 2299 a
1295 2250 1471 2301 Cumis
1499 2247 1692 2314 Italiae,
1734 2267 1842 2315 quae
1869 2245 1965 2300 fuit
2007 2248 2142 2301 Rich.
2173 2252 2450 2304 Mont'acutii
2478 2255 2533 2304 in
2561 2256 2633 2304 A·

397 2339 595 2394 naleffis
633 2343 860 2394 Exercitt.
890 2339 1021 2393 Eccl.
1058 2333 1227 2394 Exere.
1258 2346 1350 2394 IV.
1386 2340 1490 2394 sest.
1523 2347 1566 2394 6.
1606 2361 1712 2409 pag.
1751 2344 2146 2408 151.'sententia‚
2173 2343 2365 2410 explosa
2391 2347 2420 2396 a
2459 2344 2635 2396 Salma.

385 2434 481 2508 fio,
518 2434 583 2490 de
608 2456 667 2490 eo
694 2454 794 2490 non
828 2435 1048 2490 multum
1076 2433 1296 2506 Salmasto
1323 2434 1566 2504 adverser,
1607 2454 1724 2488 cum
1749 2434 1810 2488 ab
1837 2434 2007 2488 Italiae
2033 2440 2196 2488 Cuma
2223 2435 2301 2489 vel
2336 2439 2514 2490 Cumis
2531 2425 2635 2492 om}

402 2535 526 2586 nino
557 2530 762 2599 Κυμαῖος
797 2527 906 2586 fieri
931 2529 1088 2600 poffit,
1117 2534 1164 2584 ὅ(
1191 2551 1316 2600 quae
1340 2530 1541 2601 Κυμαῖοι
1566 2529 1796 2601 Aristoteli
1830 2526 1937 2601 περὶ
1975 2527 2255 2600 θαυμασίων
2284 2531 2471 2600 Sanane.
2498 2532 2632 2603 apud

402 2622 669 2695 Salmastum
706 2629 877 2679 Exere.
922 2623 1048 2678 Plin.
1078 2628 1140 2678 T.
1172 2628 1212 2678 1.
1253 2644 1361 2695 pag.
1396 2645 1459 2693 52
1499 2622 1564 2693 sq.
1621 2623 1689 2678 est
1727 2622 1874 2692 dieta,
1912 2621 1967 2677 fit
2007 2628 2234 2692 omnin0,
2280 2645 2407 2693 quae
2452 2629 2631 2679 Cumis

403 2717 575 2793 Italiae
603 2716 711 2772 fuit.
790 2722 855 2773 Et
879 2723 1078 2788 antiqua
1107 2722 1260 2775 etiam
1295 2723 1601 2774 monimenta
1635 2717 1855 2786 suadent,
1898 2738 1962 2772 ex
1990 2717 2103 2773 Afia
2130 2723 2183 2772 in
2223 2717 2420 2771 Italiam
2446 2721 2630 2770 Cumas

406 2818 738 2884 antiquiorem
783 2813 923 2868 illam
968 2814 1207 2883 Sibyllam
1243 2814 1519 2870 tranfivisse.
1594 2819 1833 2868 Ceterum
1866 2808 1900 2865 fi
1943 2831 2041 2864 non
2067 2817 2340 2866 Cumaeam
2380 2812 2426 2861 δ(
2452 2814 2630 2866 Cuma-

407 2929 523 2965 nam
552 2907 788 2978 Sibyllam
814 2907 1110 2980 distinguere
1151 2930 1269 2980 pace
1297 2910 1507 2983 Salmafii
1533 2910 1694 2979 liceat,
1745 2912 2025 2962 Cumanam
2061 2905 2227 2960 saltem
2255 2908 2303 2958 &
2330 2908 2632 2978 Cumanam,

1055 3004 1065 3012 ‘
2553 2998 2632 3053 vel

461 3135 513 3182 (4)
541 3133 690 3179 Mdv-us
708 3114 846 3182 Hispal.
872 3131 1067 3183 Originum
1086 3130 1150 3169 lib.
1170 3131 1226 3170 Vl
1235 3131 1287 3169 II.
1307 3140 1388 3183 cap.
1410 3134 1444 3170 8.
1471 3131 1602 3182 Sibylla
1614 3131 1766 3179 fiptima
1786 3130 1950 3167 Cumana
1967 3131 2095 3167 nomine
2116 3127 2317 3171 Amalthea,
2335 3141 2419 3177 quae
2437 3141 2556 3163 novem
2586 3126 2632 3163 li·

405 3199 477 3237 lm
501 3196 627 3234 attulit
644 3194 830 3246 ¹Tarquinio
843 3195 959 3245 Prisco
987 3197 1025 3232 in
1041 3193 1158 3246 quibus
1174 3203 1279 3233 erant
1295 3194 1430 3232 decreta
1447 3195 1608 3233 Romana
1623 3193 1821 3244 conſsripta.
1874 3192 1954 3242 Ipsa
1975 3194 2018 3244 est
2038 3191 2085 3230 b?
2103 3192 2267 3234 Cumaea,
2312 3189 2358 3227 de
2373 3201 2446 3239 qua
2463 3188 2499 3224 V
2496 3188 2631 3297 irg(illiius

1816 3258 1817 3261 ,
2593 3258 2630 3284 c·
