2794 3744
357 262 465 312 ³80
1041 255 1561 308 OLEARII
1636 258 1904 309 DISS.

361 393 417 441 in
443 385 846 451 interpr'eration'e
870 382 1149 442 'Proverbii
1191 389 1423 442 Vaticana
1470 382 1603 450 apud
1636 382 1777 437 Andr.
1808 378 2037 434 Schottum
2062 387 2323 451 γελφποιὸς.
2392 388 2509 447 Ἐπὶ
2540 394 2602 463 τῇ

365 485 453 541 τῶν
485 473 890 535 σκολιὸνκποιίισει
932 483 1143 535 maxime
1188 477 1476 532 celebratam
1511 475 1631 530 dicit
1660 474 1899 539 Athenaeus
1946 473 2108 551 [num.
2140 479 2319 556 vlu]
2365 501 2512 556 atque
2551 490 2606 542 in

364 593 425 628 eo
463 590 639 643 genere
672 590 787 623 cum
817 569 963 624 Alcaeo
1005 592 1113 649 eam
1149 570 1308 643 jungit
1357 572 1404 624 ὅ(
1449 575 1745 627 Anacreonte.
1824 569 2242 643 Hoepoivcaeleidem
2274 578 2450 633 tribuit
2478 580 2612 635 Scho-

364 669 513 742 liastes
540 656 844 732 Aristophanis
875 662 1037 738 [num.
1067 664 1189 739 XL]
1231 687 1385 736 eaque
1413 672 1440 719 a
1469 668 1644 721 Scoliis
1684 666 1989 735 distinguere
2029 668 2243 724 videtur.
2322 676 2396 725 Ex
2419 671 2608 743 μέλεσιν

363 763 466 832 ejus
500 757 707 825 refertur
736 759 930 813 Zenobio
960 757 1122 833 [num.
1154 756 1303 833 VIL]
1360 761 1669 828 *Adonidem
1694 761 1826 831 apud
1854 761 2036 829 inferos
2072 770 2451 839 interrogatum,
2481 791 2608 839 quae-

366 874 479 911 nam
506 850 777 921 chatisfima
803 854 1103 923 reliquerit?
1141 852 1438 924 respondisse
1466 854 1583 922 {laios
1620 853 1704 922 καὶ
1746 852 1922 921 σελῖινην
1951 853 2034 910 ml
2068 856 2226 926 ᾳικῦες
2253 858 2335 913 καὶ
2381 862 2539 928 μ’ἧλσι,
2560 861 2623 916 h

351 972 407 1027 Δις.
425 949 570 1022 solem
596 948 654 1008 85
676 951 827 1004 lunam
855 948 913 1008 85
936 970 1182 1005 cucumeres
1230 969 1364 1021 atque
1386 970 1535 1022 poma,
1585 950 1801 1020 indeque
1837 966 2008 1007 natum
2037 953 2364 1023 proverbium
2391 955 2613 1010 Zenobius

367 1051 438 1101 ait
491 1042 785 1115 ἧλιθιῶτερος
830 1043 914 1102 vis
955 1044 1238 1116 Πραξίλλης
1267 1042 1518 1105 Ἀδώνιδος,
1573 1045 1708 1115 quod
1755 1031 1891 1116 apud
1931 1046 2114 1103 Suidam
2171 1053 2319 1102 etiam
2359 1046 2623 1104 habemus)

366 1138 507 1196 Male
549 1156 716 1196 autem
745 1139 870 1193 illud
924 1141 1226 1210 explicatum
1255 1142 1487 1213 Apostolio·
1508 1139 1673 1216 [num.
1703 1137 1853 1213 VIL]
1908 1140 2142 1196 Stolidior
2171 1141 2405 1197 Adonide
2436 1143 2615 1197 Praxil-

369 1234 566 1289 laefilio.
655 1241 852 1305 Nempe
891 1235 1081 1289 Adonis
1130 1242 1157 1289 a
1201 1237 1409 1291 Praxilla
1455 1235 1589 1303 μέλει
1633 1236 1915 1291 decantatus
1952 1233 2276 1306 intelligitur,
2334 1235 2612 1291 stoliditatis

369 1329 655 1399 exemplum
700 1332 747 1382 &
791 1328 925 1383 stulti
952 1328 1206 1398 sermonis»,
1254 1336 1342 1398 qui
1379 1329 1560 1384 scilicet
1590 1350 1668 1384 res
1695 1333 1938 1384 maximas
1966 1335 2305 1399 minimasque
2332 1332 2616 1403 conjungat,

369 1443 655 1479 cucumeres
681 1427 728 1477 &
778 1445 924 1492 poma
951 1444 1066 1477 cum
1099 1424 1192 1478 sole
1219 1429 1264 1478 &
1293 1426 1422 1479 luna.
1500 1430 1579 1478 Ex
1619 1425 1965 1492 Dithyrambis
1993 1426 2098 1498 ejus
2125 1429 2172 1479 8<
2197 1427 2334 1493 ᾠδαῖς
2361 1409 2474 1494 luiss
2507 1447 2614 1495 quae

369 1516 600 1582 inscripta
626 1513 694 1566 est
724 1513 963 1580 AchilleS,
991 1535 1050 1567 ex
1083 1536 1183 1582 quo
1214 1521 1430 1569 carmine
1467 1515 1800 1583 fragmentum
1825 1514 2167 1582 Hephaestioni
2203 1515 2445 1569 servatum
2482 1521 2616 1587 apud

369 1609 579 1681 Usfinum
620 1607 750 1684 [vid.
791 1628 928 1662 num.
963 1606 1058 1682 IL]
1102 1614 1372 1664 invenitur.
1451 1615 1526 1663 Ex
1569 1609 1778 1663 Scholiis
1822 1606 2036 1662 Praxillae
2063 1606 2396 1677 fragmentum
2428 1608 2489 1664 de
2515 1613 2619 1667 Ad·

370 1719 506 1761 meto
541 1705 610 1759 ab.
647 1702 882 1775 Eufiathio
922 1702 982 1757 ad
1012 1713 1090 1757 Ιλ.
1118 1701 1182 1766 β’.
1223 1726 1329 1774 pag.
1363 1723 1489 1773 247,
1525 1725 1609 1758 20.
1658 1703 1907 1758 servatum·
1951 1700 2149 1758 exhibet
2200 1703 2387 1757 Fulvius
2433 1700 2619 1778 Ursinus

372 1809 483 1875 pag.
516 1825 599 1874 53.
641 1801 734 1857 nifi·
764 1817 927 1857 tamen
975 1801 1102 1855 illud
1129 1803 1287 1859 Alcaei
1326 1807 1491 1874 potius
1529 1802 1584 1857 fit
1626 1803 1703 1858 vel
1735 1802 1969 1872 Sapphus;
2002 1808 2074 1858 -iis
2112 1810 2247 1859 enim
2274 1827 2301 1860 a
2325 1805 2623 1875 quibusdam

371 1897 526 1951 tribui
552 1902 622 1951 ait
646 1895 899 1967 Pausanias
927 1899 979 1949 in
1011 1902 1198 1950 Lexico
1225 1896 1358 1967 apud
1384 1897 1599 1952 eundem
1626 1895 1927 1958 Eusiathium.
1987 1901 2080 1950 Ex
2109 1895 2424 1952 Scholiorum
2449 1898 2621 1967 aliquo

373 1995 522 2045 etiam
561 1987 908 2060 effevidetur,
938 1989 1074 2056 quod
1110 1989 1360 2066 Pausanias
1399 1994 1455 2042 in
1482 1993 1739 2043 Laconicis
1769 1986 1930 2062 [num.
1979 1983 2070 2060 V.]
2110 1991 2156 2040 8<
2196 2003 2337 2042 vetus
2378 1987 2439 2042 ad
2478 1981 2625 2043 ‘Theo-

375 2087 535 2143 critum
563 2083 925 2135 Grammaticus
967 2078 1131 2151 [num.
1162 2077 1290 2151 VL]
1320 2081 1506 2158 habent
1535 2082 1598 2136 de
1642 2087 1857 2149 Carneo,
1894 2085 2106 2148 Europae
2148 2079 2270 2148 filio,
2298 2081 2357 2136 ab
2389 2082 2627 2150 Apolline

379 2178 425 2228 &
455 2175 643 2230 Latona
683 2171 900 2224 educata
981 2174 1159 2237 Neque
1197 2175 1225 2222 a
1253 2171 1565 2224 Scholiorum
1611 2172 1779 2224 indole
1817 2172 1976 2224 aliena
2011 2171 2139 2238 sunt,
2181 2193 2288 2238 quae
2315 2174 2376 2226 de
2402 2171 2623 2242 Chrysip-

379 2291 445 2340 po
471 2273 499 2321 a
526 2273 648 2339 Jove
674 2277 812 2332 rapto
838 2283 898 2316 ex
922 2264 1135 2318 Praxilla
1160 2263 1305 2318 refert
1332 2264 1604 2319 Athenaeus.
1636 2262 1802 2338 [num.
1835 2260 1958 2335 IV.]
1987 2268 2198 2318 Carmen
2220 2265 2332 2335 ejus
2364 2265 2425 2318 ad
2451 2265 2625 2320 Calain

383 2382 600 2436 puerum
631 2359 692 2413 de
720 2362 904 2412 amoris
930 2362 1224 2425 mutatione,
1265 2357 1399 2424 quod
1430 2357 1650 2423 Gyraldus
1695 2354 1813 2405 dial.
1853 2359 1950 2405 ΙΙΙ.
1998 2353 2059 2406 de
2120 2358 2383 2408 Poetarum
2425 2355 2625 2441 historia

382 2458 549 2512 Tem(
581 2458 648 2508 ΙΙ.
693 2456 820 2522 Opp.
865 2469 911 2519 p.
968 2455 1082 2504 168.
1121 2454 1177 2503 E.
1237 2448 1414 2504 exstare
1442 2447 1583 2516 dicit,
1629 2464 1863 2514 eumque,
1898 2460 1956 2498 ut
1993 2443 2191 2499 credere
2231 2467 2317 2515 par
2344 2447 2427 2516 est,
2475 2449 2625 2506 secuti

383 2545 674 2620 ‘Iiraquellus
702 2553 757 2602 in
779 2553 898 2615 Leg.
923 2546 1153 2600 Connub.
1182 2548 1272 2599 XI.
1304 2541 1451 2597 Gloff.
1493 2564 1533 2596 1.
1570 2545 1693 2595 Part.
1729 2544 1816 2593 XI.
1856 2543 2007 2592 Tom.
2038 2543 2105 2593 II.
2137 2544 2266 2608 Opp.
2295 2560 2400 2610 pag.
2438 2555 2556 2612 191.
2579 2566 2621 2599 a.

386 2652 528 2704 Laur.
563 2638 748 2715 Craffiu
782 2641 843 2707 de
881 2644 1040 2696 Poetis
1087 2644 1267 2696 Graecis
1306 2639 1471 2693 italice
1504 2637 1650 2693 editis
1690 2657 1795 2706 pag.
1834 2655 1974 2704 432..
2054 2634 2191 2687 Gerh.
2239 2638 2316 2702 J0.
2365 2638 2523 2703 Vofflus
2561 2639 2622 2693 de

388 2742 554 2795 Poetis
579 2739 764 2792 Graecis
794 2754 896 2804 cap.
949 2754 994 2802 5.
1030 2739 1085 2788 in
1117 2732 1233 2804 fine,
1274 2735 1342 2787 &-
1367 2731 1542 2786 Ludov.
1570 2733 1796 2784 Morerius
1829 2731 1882 2780 in
1934 2730 2115 2782 Lexico
2149 2726 2377 2782 historico
2414 2749 2462 2783 v.
2508 2733 2626 2809 Pra7

2511 2832 2622 2885 xilla

446 2961 551 3015 (78)
575 2961 644 3033 J0.
664 2953 866 3011 Pascbc'us
855 2967 892 2991 in
922 2955 1108 3004 Gynaeceo
1131 2955 1238 2994 dotto
1258 2969 1341 3007 pag.
1365 2970 1424 2995 21.
1452 2956 1501 2996 Su
1500 2958 1620 3005 perficn
1600 2965 1703 2992 netv
1704 2956 1775 2991 rsus
1798 2955 1852 2990 Pr
1854 2953 2053 2990 axillaead
2078 2952 2132 2987 Ca
2135 2950 2399 2999 laimmffiap
2398 2952 2505 2988 ιᾰΕιι
2510 2953 2592 2991 fbiu
2572 2971 2628 2994 ιιιιι

412 3026 544 3064 nroCh
546 3024 638 3062 nicis.
694 3016 858 3057 Addatur
876 3017 966 3054 Athe
968 3032 1046 3054 naeu
1047 3017 1141 3068 silb.
1167 3019 1275 3058 XIII
1300 3019 1339 3056 in
1368 3030 1481 3068 quem
1498 3029 1658 3054 errorem
1676 3014 1797 3051 forte
1787 3027 1858 3051 mci
1847 3014 1896 3051 idi
1900 3023 1914 3050 t
1936 3012 1984 3049 Vi
1974 3025 2005 3048 ir
2029 3013 2163 3054 doetus,
2191 3023 2253 3060 qui
2255 3023 2276 3047 a
2295 3013 2392 3049 Mon
2414 3013 2626 3054 uLexicon

396 3085 603 3126 historicum
621 3074 841 3132 negligenter
857 3077 1021 3128 inspexit.

451 3186 554 3239 (79)
582 3180 911 3224 Commemoranda
935 3179 1006 3219 hoe
1031 3178 1120 3231 loco
1128 3177 1176 3217 est
1194 3179 1352 3219 SALPE
1378 3176 1518 3223 Leria,
1545 3175 1591 3215 de
1616 3186 1692 3227 qua·
1708 3173 1884 3214 AtL-cnaeu
1862 3189 1899 3212 us
1918 3171 1981 3210 lib.
2004 3173 2096 3213 VII.
2129 3184 2211 3224 pag
2242 3186 2287 3222 32
2296 3187 2327 3212 ι
2348 3175 2398 3226 sq
2426 3144 2548 3221 1351·
2534 3196 2590 3220 ,π
2574 3194 2627 3218 0,,

2499 3235 2620 3283 nih&
