2794 3744
379 289 475 339 182
1051 275 1916 330 OLEARIIDISS.

369 409 545 467 illustr.
572 430 681 482 pag.
713 429 762 464 2.
793 407 916 464 editi
942 428 1075 464 areas
1108 406 1333 462 exhibuit
1374 404 1606 458 Bellorius
1639 418 1697 453 ex
1724 397 1910 454 schedis
1936 397 2098 464 Pyrrhi
2128 401 2332 470 Ligarii3
2370 400 2503 457 unde
2529 418 2602 456 ee-

369 504 632 562 lebriorem
659 504 795 559 illam
821 504 1089 571 Sapphonem
1127 493 1377 556 Poetriam
1409 493 1624 550 Eresiam
1652 492 1838 550 faciunt
1876 497 2026 549 etiam
2074 495 2370 548 recentiores
2396 492 2603 563 quidam

356 608 416 661 r&
442 610 494 661 in
522 609 582 660 iis
616 602 869 664 Gronovius
895 603 1041 652 Tom.
1074 602 1142 652 11.
1175 593 1414 651 Thesauri
1442 597 1620 662 Antiq.
1653 592 1833 648 Graec.
1868 591 1957 650 fol.
1991 613 2012 647 π
2029 610 2075 659 5.
2134 592 2284 643 Error
2330 598 2498 643 a‘utem
2535 586 2605 641 est

369 700 476 751 Ger.
514 700 591 764 Jo.
619 695 743 760 Voffii
782 689 843 744 de
868 691 1005 746 Po‘et.
1032 695 1118 745 Gr.
1148 708 1254 759 cap.
1293 703 1342 758 3.
1385 691 1475 754 qui
1522 705 1581 740 ex
1619 678 2066 741 ErefiaeEretriam
2103 680 2237 751 fecit,
2273 703 2428 751 quem
2454 667 2606 737 seeuii

368 787 648 859 Hofmannus
677 790 731 840 in
758 788 944 840 Lexico
981 804 1028 839 v.
1069 781 1263 853 Sappho,
1289 783 1349 834 ὅ(
1413 771 1620 849 Lloydzus
1673 782 1733 842 in
1792 781 1980 834 Lexico
2026 780 2139 832 Car.
2179 776 2424 847 Stephani.
2503 776 2609 859 Mi·

367 866 635 952 t'ylenaeam
681 895 846 939 tamen
888 880 1005 937 facit
1053 879 1302 935 Herodotus
1333 876 1420 930 lib.
1463 880 1535 932 ΙΙ.
1584 879 1637 929 in
1674 879 1869 944 Euterpe
1909 894 2014 945 cap.
2056 891 2114 943 13
2128 891 2174 942 5.
2219 890 2327 940 pag.
2369 888 2488 938 140.
2526 865 2618 924 ed.

367 982 522 1034 Gron.
558 982 650 1048 qui
686 976 860 1033 diserte
899 975 1099 1032 fratrem
1141 976 1243 1048 ejus
1281 972 1541 1028 Charaxam
1582 973 1931 1040 Mitylenaeum
1966 969 2108 1039 dicit,
2151 969 2360 1023 alterum
2405 963 2607 1020 fratrem

366 1072 471 1144 ejus
496 1071 742 1127 Larichum
783 1074 932 1126 etiam
968 1076 1023 1126 in
1051 1074 1291 1138 Prytaneo
1319 1068 1452 1140 apud
1486 1065 1816 1136 Mitylenaeos
1845 1064 2109 1138 ὄινοχοοῧνἾοι
2138 1062 2280 1119 nobis
2317 1061 2434 1117 sistit
2469 1058 2609 1117 Λίβα·

366 1187 503 1221 naeus
544 1165 632 1224 lib.
676 1168 745 1222 X.
785 1186 895 1237 pag.
942 1186 1068 1234 424.
1147 1169 1370 1219 Firmant
1415 1182 1521 1219 rem
1559 1161 1771 1219 eandem
1807 1158 2017 1234 Most-hus
2062 1165 2116 1214 in
2142 1161 2318 1213 Bionis
2355 1143 2609 1225 epitaphio

366 1260 514 1328 ldyll.
541 1264 643 1317 111.
677 1282 728 1316 v.
761 1282 846 1331 92.
924 1257 1100 1315 Tullius
1141 1262 1324 1314 Laurea
1362 1263 1414 1311 in
1465 1262 1818 1328 epigrammate
1861 1253 2048 1310 Antbol.
2085 1253 2174 1307 lib.
2214 1255 2313 1306 111.
2357 1269 2463 1318 cap.
2512 1268 2543 1303 2
2553 1267 2602 1317 5.

364 1374 506 1411 num.
538 1363 623 1425 64.
660 1360 715 1411 in
758 1377 859 1426 quo
904 1352 1213 1416 Mai-ommia
1264 1350 1539 1410 ἄοιδοπέλος
1579 1365 1817 1421 vocatur,
1857 1338 2156 1405 Democharis
2183 1351 2338 1417 item,
2387 1350 2477 1415 qui
2504 1348 2610 1417 epi-

363 1465 637 1520 grammate
673 1454 728 1503 in
768 1455 1039 1518 imaginem
1080 1448 1278 1515 Sapphus
1322 1447 1504 1500 Anthol.
1551 1449 1638 1500 lib.
1675 1451 1768 1500 IV.
1797 1467 1904 1512 cap.
1937 1466 2023 1508 27.
2063 1466 2202 1500 num.
2239 1465 2321 1512 19.
2377 1453 2607 1510 Μιτυλη-

365 1539 490 1595 ναίων
515 1538 703 1609 Πιερίδι
739 1559 850 1596 eam
877 1539 1102 1608 appellat.
1179 1540 1287 1588 Hos
1318 1555 1487 1588 omnes
1514 1550 1703 1589 certum
1731 1531 1798 1588 est
1824 1534 1963 1602 loqui
1993 1532 2052 1588 de
2077 1531 2331 1604 Sapphone
2374 1535 2460 1587 ill·
2491 1535 2612 1590 cele·

364 1620 546 1699 briore,
572 1625 709 1684 Poesi
736 1647 907 1684 omnes
934 1628 1005 1682 sui
1035 1628 1171 1683 sexus
1197 1627 1532 1683 antecellente.
1609 1633 1723 1682 Ime
1748 1629 1795 1682 ὅ(
1821 1627 2106 1699 Aristotelem
2139 1628 2392 1685 Rhetorie.
2421 1628 2507 1685 lib.
2534 1631 2608 1686 11.

363 1743 470 1795 cap.
525 1743 553 1778 2
563 1746 611 1795 3.
644 1727 709 1778 iis
752 1720 899 1776 addas
934 1722 1065 1779 licet,
1107 1704 1195 1790 qui
1235 1720 1389 1776 Chios
1428 1723 1671 1776 Homerum
1710 1726 1766 1776 in
1815 1725 2040 1777 nummis
2089 1720 2188 1776 suis
2230 1721 2415 1793 fignare
2467 1721 2611 1793 dicit,

364 1815 558 1890 (quern
592 1816 791 1886 scilicet,
819 1815 934 1871 licet
961 1819 1085 1870 civis
1113 1834 1291 1870 eorum
1327 1835 1387 1870 ex
1415 1830 1578 1870 mente
1609 1812 1882 1871 Aristotelis
1927 1836 2027 1872 non
2058 1816 2135 1885 fit,
2182 1816 2271 1872 hac
2311 1823 2498 1873 ratione
2523 1816 2616 1874 fibi

363 1908 621 1966 vindicent
638 1951 654 1978 ‚
670 1909 705 1980 )
731 1909 1060 1979 Mitylenaeos
1088 1908 1397 1978 Sapphonem3
1431 1909 1664 1964 Strabonis
1690 1915 1814 1964 item
1839 1910 2018 1980 Geogr.
2046 1909 2133 1964 lib.
2163 1913 2310 1967 XIII.
2349 1933 2460 1982 pag.
2485 1913 2614 1981 617.

363 2009 456 2070 qui
483 2003 658 2066 diserte
698 2007 827 2057 inter
854 2001 1139 2056 illustriores
1175 2002 1504 2070 Mitylenaeas
1542 2003 1818 2072 Sapphonem
1846 2002 2010 2071 refert,
2052 2006 2097 2058 ὃ(
2133 2004 2327 2059 Pollucis
2361 2004 2613 2062 Onomast.

365 2095 455 2155 lib.
484 2098 584 2155 IX.
618 2117 707 2168 cap
738 2103 788 2152 6.
816 2094 922 2151 sest.
955 2101 1040 2162 84.
1069 2099 1157 2163 qui
1204 2094 1304 2164 ipsa
1354 2096 1437 2150 illa
1474 2097 1729 2164 Aristotelis
1774 2098 1920 2152 verba
1947 2095 2237 2165 exscripsisse
2268 2098 2467 2154 videtur
2477 2121 2497 2166 3
2535 2119 2613 2152 eo-

269 2212 278 2221 ·
368 2209 469 2262 que
496 2188 672 2258 spestat
698 2206 938 2242 nummus
966 2186 1384 2253 Mitylenaeorum
1421 2186 1556 2253 apud
1579 2187 1789 2255 Utfinum
1816 2189 1849 2242 1.
1878 2210 1920 2241 c.
1978 2189 2115 2258 cujus
2141 2209 2253 2242 area
2289 2190 2439 2243 altera
2465 2204 2613 2259 caput

370 2279 584 2337 feminae
611 2279 823 2347 exhibet,
863 2297 1018 2346 quam
1050 2276 1323 2352 Sapphonem
1356 2297 1453 2330 non
1494 2282 1750 2331 immerito
1790 2277 1966 2332 dicunt
1992 2282 2300 2347 Antiquarii.
2377 2282 2489 2347 Ego
2515 2300 2615 2334 cer-

274 2427 284 2432 -
372 2389 421 2429 te
451 2362 774 2444 posteriorum
811 2370 1148 2425 austoritatem
1169 2373 1294 2437 quin
1321 2366 1612 2439 praeferam,
1633 2372 1863 2422 animum
1890 2389 1990 2423 non
2018 2370 2254 2425 inducere
2275 2393 2371 2426 non
2398 2372 2611 2443 possum,

376 2464 696 2536 fitque'adeo
743 2466 1048 2534 Mitylenaea
1088 2461 1261 2532 Sappho
1280 2461 1478 2531 mostra,
1531 2460 1668 2516 Poesi
1712 2461 1834 2517 adeo
1872 2461 2124 2519 celebrata.
2202 2466 2294 2520 Sed
2315 2467 2525 2524 extitisse
2548 2484 2616 2524 ta·

378 2560 498 2625 men
541 2559 690 2620 aliam
733 2559 1074 2616 Eresarevera
1117 2573 1295 2627 ortam,
1337 2557 1556 2612 austures
1596 2579 1696 2613 non
1736 2559 2082 2614 contemnendi
2121 2559 2336 2630 tradunt,
2383 2584 2442 2618 ex
2476 2565 2615 2637 cujus

382 2673 499 2713 cum
526 2652 685 2708 nostra
709 2647 986 2709 confusione
1012 2668 1180 2708 ortum
1221 2652 1383 2707 videri
1411 2669 1577 2722 queat,
1617 2667 1674 2708 ut
1722 2675 1813 2724 pro
1838 2653 1996 2726 Erefia
2024 2675 2077 2708 ea
2105 2676 2131 2708 a
2159 2656 2412 2710 nonnullis
2447 2658 2615 2712 vendi-

382 2760 585 2803 -taretun
662 2751 906 2803 Meminit
945 2747 1134 2803 Erefiae
1160 2746 1419 2802 Athenaeus
1448 2748 1537 2803 lib.
1565 2752 1715 2804 XIII.
1743 2768 1852 2818 pag.
1885 2756 2008 2820 596.
2036 2755 2096 2805 E.
2153 2770 2359 2818 eamque
2387 2748 2560 2804 diserte
2586 2755 2614 2805 ὲ

389 2841 692 2911 Mitylenaeas
718 2845 915 2897 Poetria
940 2842 1218 2912 distinguit,
1258 2863 1418 2912 neque
1454 2842 1591 2897 aliud
1617 2842 1897 2912 quidquam
1924 2844 2045 2916 erS,
2073 2866 2223 2914 quam
2248 2844 2462 2899 Phaonis
2485 2868 2619 2902 amo-

385 2957 465 2995 -res
489 2950 858 2993 commemorat.
933 2941 1005 2991 At
1040 2937 1251 2993 Phaonis
1287 2958 1496 2994 amores·
1519 2938 1870 3007 Mitylenaeae,
1921 2938 2012 2992 hoe
2050 2937 2140 3004 est,
2178 2937 2366 2991 famosae
2397 2940 2474 2992 illi
2505 2948 2616 3010 Sap.

393 3032 525 3103 phom‘
562 3031 790 3087 tribuunt
821 3045 1006 3110 veteres
1042 3033 1232 3086 Ovidius
1271 3038 1327 3089 in
1366 3033 1586 3106 epistolis
1613 3031 1895 3091 Heroidum
1928 3053 2066 3087 num.
2098 3034 2214 3086 XV.
2243 3035 2289 3086 ὃ(
2316 3033 2617 3104 Palaephatus

395 3126 635 3185 incredib.
681 3149 785 3202 cap,
830 3150 919 3201 49.
994 3127 1197 3184 Tribuit
1230 3132 1275 3184 8<
1301 3129 1462 3187 Suidas
1495 3129 1816 3199 Mityleneae‚
1853 3126 1936 3184 sed
1972 3132 2020 3182 ei
2058 3127 2293 3183 celebrior
2319 3129 2402 3184 illa
2439 3132 2615 3201 Sappho

1038 3239 1063 3241 ⁷*
2455 3229 2615 3285 Erefia
