2794 3744
403 303 497 350 126
1034 297 2037 354 OLEARIIDISS.

1522 505 1565 555 1.

402 619 897 752 ALphabeticum
942 617 1193 670 secuturus
1239 617 1487 686 ordinem,
1529 639 1683 688 quem
1723 623 1776 674 in
1815 619 2060 677 slmilibus
2109 623 2479 681 colleftionibus
2519 627 2637 683 cla-

577 718 672 774 rill‘.
702 723 828 772 Viro
855 720 932 786 Jo.
964 716 1153 771 Alberto
1189 716 1391 771 Fabricio
1420 714 1652 785 placuisse
1679 716 1845 784 video,
1885 722 2052 788 primo
2095 721 2204 776 loco
2246 744 2639 781 commemorare

404 818 631 873 deberem
660 819 1005 871 AGACLEN.
1085 814 1347 882 Siquidem
1371 813 1434 869 de
1459 835 1515 869 ea
1543 812 1655 868 satis
1683 813 1915 870 constaret
1943 831 2091 869 certe.
2171 822 2260 887 At,
2291 837 2348 873 ut
2375 841 2549 878 verum
2574 821 2641 878 fa·

406 927 523 978 tear,
563 907 836 979 sufpeStum
867 906 994 960 mihi
1024 906 1090 961 est
1124 906 1253 961 istud
1280 928 1480 976 nomen,
1505 928 1792 978 vereorque,
1829 929 1891 963 ne
1934 929 2024 977 pro
2054 914 2252 981 Junone
2288 914 2442 968 nubes
2476 914 2642 970 obtru—

407 1009 549 1062 datur
574 1005 728 1061 nobiS.
808 1009 929 1057 Sane
966 1001 1067 1073 ejus
1100 1006 1404 1057 mentionem
1437 1004 1620 1058 nullibi
1661 1008 1885 1072 inveni0,
1927 1003 2020 1058 nisi
2068 1006 2201 1074 apud
2241 1009 2482 1075 Gyraldum
2526 1009 2641 1066 dial.

407 1108 507 1160 111.
532 1101 591 1156 de
619 1103 875 1171 poetarum
902 1095 1124 1152 Historia
1151 1084 1297 1151 Tom.
1329 1101 1399 1152 ΙΙ.
1430 1102 1555 1168 Opp.
1591 1120 1699 1170 pag.
1736 1119 1851 1167 170.
1882 1104 1937 1153 C.
1977 1103 2024 1153 &
2066 1105 2156 1168 qui
2190 1121 2307 1156 eum
2349 1103 2538 1159 secutus
2575 1105 2644 1162 est

409 1198 610 1266 ducem,
640 1193 953 1265 ‘Tiraquellum
980 1196 1034 1246 in
1063 1197 1153 1246 XI.
1182 1194 1341 1263 legem
1362 1194 1652 1249 Connubial.
1694 1195 1864 1251 Gloffae
1893 1201 1931 1251 1.
1955 1200 2082 1250 Part.
2111 1201 2199 1251 XI.
2240 1203 2386 1253 Tom.
2409 1203 2478 1254 11.
2511 1205 2641 1273 Opp,

408 1317 515 1368 pag.
554 1299 669 1351 188.
710 1313 750 1345 a.
793 1289 1098 1363 (3)xestque
1137 1287 1361 1357 suspicio,
1402 1305 1576 1346 natum
1629 1290 1682 1343 id
1720 1288 1810 1344 esse
1837 1311 1897 1344 ex
1940 1290 2157 1360 epitheto
2195 1292 2461 1359 ἐιγοικλέος,
2501 1298 2642 1366 quod

408 1393 530 1449 sorte
556 1390 642 1444 alii
668 1384 869 1441 cuidam
902 1387 1211 1439 Poetriarum
1250 1385 1321 1439 ibi
1350 1401 1849 1442 commemoratarum
1889 1387 2070 1442 alicubi
2107 1387 2278 1444 datum
2323 1394 2533 1463 invenit,
2571 1392 2648 1446 id·

407 1510 505 1559 que
532 1505 630 1540 non
657 1482 764 1536 satis
790 1478 1119 1547 intelleeium‚
1159 1483 1214 1533 in
1250 1500 1431 1534 nomen
1473 1485 1675 1536 Po‘e‘triae
1703 1486 1864 1536 vertit.
1944 1489 2089 1536 Certe
2118 1476 2171 1536 <1²
2162 1483 2373 1554 elefillae‚
2411 1487 2552 1559 cujus
2582 1509 2646 1545 ω

409 1572 515 1626 loco
545 1578 796 1629 meminit,
834 1572 886 1624 id
915 1572 1151 1625 tribuitur
1190 1571 1445 1639 epitheton
1472 1574 1522 1621 in
1548 1574 1883 1636 Epigrammate
1910 1582 2071 1621 vetere
2092 1569 2329 1637 Antholog.
2357 1572 2441 1625 lib.
2470 1579 2510 1626 1.
2539 1594 2645 1642 cap,

411 1673 496 1736 67.
538 1671 691 1738 epigr.
725 1672 770 1720 8.
813 1686 858 1719 v.
886 1686 932 1734 5.
975 1662 1111 1733 quod
1148 1656 1404 1734 Telefillam
1442 1658 1682 1729 ἀγακλέα
1702 1681 1812 1716 eam
1832 1661 2059 1733 appellat.
2140 1662 2223 1717 Est
2261 1685 2379 1720 vero
2406 1666 2458 1721 id
2483 1667 2648 1740 ipsum

405 1767 728 1834 epigramma,
769 1779 829 1813 ex
872 1777 972 1828 quo
1001 1761 1046 1812 &
1073 1758 1288 1812 aliarum
1328 1761 1639 1813 Poetriarum
1670 1762 1875 1813 nomina
1918 1763 2087 1813 recitat
2125 1759 2302 1815 eodem
2354 1762 2463 1819 loco
2489 1766 2648 1835 Gyral-

405 1858 504 1928 dus,
543 1855 682 1927 quod
715 1854 924 1911 nostram
961 1868 1090 1910 certe
1117 1852 1230 1925 plus
1260 1874 1411 1923 quam
1452 1852 1783 1911 verofimilem
1818 1853 2145 1926 conjeSiuram
2184 1855 2360 1912 reddit.

1478 1955 1549 2004 II.

478 2048 814 2107 ALBUNEA
852 2041 932 2096 vel
971 2043 1260 2095 ALBUNA
1297 2043 1352 2092 in
1382 2039 1581 2106 Sibyllis
1605 2039 1691 2109 est,
1733 2039 1792 2094 de
1819 2059 1921 2108 quo
1948 2047 2150 2097 nomine
2178 2045 2332 2101 multa
2358 2045 2505 2103 habet
2531 2051 2645 2105 Gal-

333 2157 334 2160 ’
403 2143 545 2197 lacus.
627 2142 841 2195 Decimo
879 2139 934 2188 in
975 2138 1048 2190 eis
1090 2133 1200 2187 loco
1238 2131 1458 2186 censetur
1483 2137 1511 2185 ὲ
1538 2129 1742 2187 Varroni
1766 2134 1901 2202 apud
1945 2137 2236 2191 Ladantium
2262 2140 2473 2196 Institut.
2522 2147 2641 2199 Div.

406 2237 492 2294 lib.
528 2242 569 2293 1.
596 2235 750 2305 segm.
784 2240 831 2288 6.
875 2252 981 2303 pag.
1015 2252 1040 2301 3
1055 2251 1097 2299 5.
1131 2229 1206 2284 ed.
1235 2229 1359 2284 Gall.
1437 2227 1750 2290 Ἀλβουνοιῖοιν
1783 2229 1947 2282 scribit
1974 2231 2134 2283 Suidas
2163 2235 2214 2283 in
2242 2230 2517 2293 Σίβυλλαι,
2556 2242 2646 2306 qui

409 2331 586 2386 eodem
613 2347 825 2384 numero
853 2347 961 2382 eam
990 2323 1164 2391 censet,
1193 2323 1270 2379 vel
1297 2324 1539 2376 Varronem
1565 2323 1628 2377 ob
1654 2322 1819 2376 oculos
1851 2320 2065 2391 habenS,
2079 2325 2157 2377 vel
2189 2325 2292 2395 ejus
2321 2313 2541 2396 aliquem
2568 2349 2646 2384 ex-

407 2427 706 2498 scriptorem.
785 2423 951 2478 Sarbin
981 2418 1060 2474 vel
1085 2415 1399 2492 Caſjwzlrnm,
1439 2416 1520 2471 vel
1549 2413 1902 2470 ‘Iaraxandram
1930 2435 2042 2469 eam
2067 2415 2185 2469 alias
2214 2417 2465 2486 appellari,
2511 2419 2649 2487 quod

411 2525 581 2576 innuit
610 2517 843 2586 Gallaeus,
890 2519 919 2568 ὲ
958 2509 1206 2568 veteribus
1237 2530 1326 2580 ego
1362 2530 1463 2564 non
1498 2510 1709 2563 memini
1746 2505 2009 2560 affirmari:
2052 2510 2157 2558 imo
2189 2510 2420 2577 patriam,
2459 2523 2647 2566 aetatem

411 2636 633 2685 quoque,
673 2629 729 2669 ut
770 2591 1052 2667 verosimile
1080 2608 1166 2677 est,
1205 2609 1253 2662 &
1296 2604 1491 2674 reliqua
1513 2603 1613 2659 fere
1650 2605 1822 2657 omnia
1864 2605 1910 2656 ei
1938 2599 2178 2655 sententiae
2216 2600 2412 2657 adversa
2437 2602 2537 2685 effe
2555 2624 2643 2672 pu·
2711 2586 2716 2595 ζ

306 2710 317 2720 '
411 2724 526 2765 tem.
605 2713 686 2764 De
723 2721 858 2762 aetate
903 2706 1109 2775 quidem
1155 2703 1256 2776 ejus
1296 2722 1395 2756 non
1421 2716 1551 2756 certo
1584 2699 1786 2766 constat,
1826 2697 1861 2752 ss
1905 2697 2134 2752 ordinem
2180 2712 2344 2752 tamen
2387 2705 2641 2773 temporis,

412 2803 548 2874 quod
576 2822 662 2873 par
702 2800 769 2856 est
803 2800 1017 2869 credere,
1070 2800 1215 2852 Varro
1255 2799 1310 2849 in
1351 2794 1667 2849 recensendis
1705 2790 1904 2860 Sibyllis
1943 2788 2230 2855 observavit,
2268 2786 2517 2855 aliquanto
2541 2792 2646 2860 post

413 2899 643 2954 Solonem
686 2898 733 2950 &
779 2901 971 2964 Cyrum
1020 2913 1130 2950 eam
1168 2886 1386 2948 floruisse
1423 2909 1483 2945 ex
1526 2890 1630 2961 ejus
1670 2898 1837 2943 mente
1885 2896 2093 2952 oportet,
2133 2899 2307 2934 eorum
2348 2885 2481 2934 enim
2508 2897 2642 2940 aetate

421 2994 710 3062 Marpeffiam
735 2987 971 3058 Sibyllam
997 2983 1170 3040 vixiffe
1197 2988 1286 3054 ait,
1325 3003 1478 3053 quam
1506 2980 1713 3050 septimo
1753 2982 1860 3034 loco
1887 2974 2106 3029 collocat.
2184 2972 2349 3028 Iidem
2375 2979 2530 3119 patgia
2555 2982 2643 3031 Ti.

767 3098 769 3101 ’
1223 3093 1229 3098 ’
2482 3082 2644 3123 urtem

466 3210 529 3261 (3)
553 3208 701 3248 ‘Horum
740 3206 896 3259 vestigiis
920 3204 1043 3244 insistit
1074 3205 1186 3242 Laur.
1207 3203 1350 3252 Craffics
1367 3199 1404 3237 in
1437 3195 1562 3240 morin
1585 3174 1643 3236 de'
1661 3195 1761 3236 Poe'ti
1794 3193 1927 3232 Graeci
1953 3204 2036 3244 pag.
2065 3204 2123 3230 12.
2152 3191 2200 3230 Fi.
2219 3191 2346 3241 Agacle
2372 3193 2526 3243 Pok'tefflz
2541 3195 2581 3231 di
2593 3209 2643 3232 ce-

411 3271 502 3309 lehre
517 3272 636 3315 Nom,
665 3286 723 3309 ma
740 3272 778 3308 di
788 3280 870 3320 poca
882 3271 1039 3320 firtuna
1062 3267 1208 3322 appreffb
1215 3265 1270 3316 gli
1291 3264 1467 3306 scrittori,
1487 3258 1667 3311 perchtle
1691 3260 1730 3298 di
1745 3258 1792 3298 lei
1814 3267 1919 3309 opere,
1938 3259 2035 3299 vita,
2063 3258 2184 3293 azioni
2197 3256 2276 3304 sono
2293 3263 2417 3306 superte
2433 3255 2524 3292 dall'
2538 3258 2643 3302 ostar.

2519 3315 2643 3366 rfflme
