2794 3744
807 248 1591 323 ntron‘rnns
1665 253 1811 305 GR.
2330 253 2432 319 187

181 385 323 442 lunio
358 381 536 439 mensis
582 383 767 451 quarti,
817 383 909 451 qui
952 384 1214 445 Hermaeus
1253 384 1460 451 Argivis
1505 377 1683 444 dinus,
1740 398 1845 447 quo
1909 398 1987 431 res
2058 394 2242 449 patrata
2310 378 2424 434 fuit.

177 481 251 533 Ea
288 481 425 534 enim
476 475 561 532 die
606 473 886 545 Hybristica
930 473 1057 530 sacra
1094 487 1249 548 agunt
1274 473 1509 530 virilibus
1542 472 1726 529 tunicis
1765 474 1813 526 &
1855 471 1994 527 laenis
2035 473 2219 529 indutae
2247 475 2424 531 mulie-

175 593 271 643 res,
315 577 438 630 viris
476 587 643 628 contra
691 574 833 627 vittis
874 592 930 627 ae
977 571 1104 628 velis
1147 570 1512 641 incedentibus„
1565 585 1624 626 ut
1676 567 1890 624 relatum
1934 566 2202 623 Plutarcho.
2238 568 2421 642 [num.

176 665 369 744 vlu]
434 673 544 724 Hoc
582 672 703 723 item
742 667 880 737 quod
924 689 1057 724 nova
1081 684 1235 741 nupta
1274 690 1394 725 cum
1432 667 1580 724 barba
1627 670 1683 721 in
1727 664 1986 734 amplexus
2019 667 2120 720 viri
2166 668 2336 719 venire
2364 685 2426 719 ex

175 763 283 834 lege
312 762 559 833 debuerit,
594 767 641 817 3<
685 763 823 834 quod
862 768 1014 836 Argis
1055 769 1282 835 γυνοιοιόν
1308 762 1436 838 Kone,-
1480 763 1717 819 habeatur
1753 762 1888 837 juxta
1941 763 2191 836 lucianum
2240 757 2424 839 [num.

173 851 294 931 122]
367 855 464 912 Sed
495 860 542 912 8t
569 855 722 912 statua
761 853 981 932 ‘Teleſsllae
1026 880 1085 916 eo
1126 860 1301 931 spefiat
1346 864 1399 915 in
1438 856 1596 914 fronte
1641 855 1817 926 templi
1845 859 2059 911 Veneris
2107 852 2241 926 apud
2270 856 2424 924 Argi·

171 969 260 1007 vos
302 951 547 1008 columna
584 951 822 1022 insistens»,
862 968 1011 1025 atque
1049 954 1111 1010 ad
1160 955 1310 1026 pedes
1349 958 1633 1011 carminum
1680 950 1888 1024 projeaa
1941 950 2198 1005 volumina
2243 968 2421 1019 reprae-

173 1045 393 1117 sentam,
443 1047 543 1120 ipsa
586 1045 798 1123 ‘Telesilla
835 1053 892 1105 in
930 1050 1119 1121 galeam
1157 1050 1328 1107 oeulos
1370 1048 1642 1121 defigente,
1679 1067 1833 1118 quam
1878 1049 2030 1115 capiti
2071 1043 2209 1115 quasi
2260 1047 2422 1115 impo-

168 1140 316 1198 situra
354 1145 565 1213 tenebat,
604 1160 659 1201 ut
693 1145 828 1219 apud
867 1145 1143 1220 Paufhniam
1180 1144 1349 1221 (num
1389 1143 1554 1218 vu.)
1611 1141 1678 1200 est
1716 1145 1763 1197 δε
1795 1142 1991 1197 Suidam.
2042 1138 2223 1215 (num.
2280 1134 2421 1210 Χῐ.)

163 1235 259 1289 1112
301 1234 454 1291 statua
497 1238 658 1293 nescio
704 1261 768 1295 an
818 1238 877 1294 sit
922 1243 1150 1297 Nicandri
1190 1239 1325 1315 (leg.
1371 1240 1625 1311 Nicerati)
1661 1237 1909 1305 statuarii,
1955 1256 2109 1305 quem
2161 1230 2422 1304 ffelefillam

162 1325 350 1385 finxiffe
377 1332 606 1387 fasianus
655 1330 838 1405 (num.
893 1335 1061 1409 XII.)
1113 1334 1331 1390 testatur.
1410 1339 1669 1405 Quantum
1700 1331 1762 1386 ad
1792 1336 2010 1387 earmina
2035 1331 2159 1403 eju5‚
2204 1326 2424 1396 ἐίσμοιτε.

160 1443 219 1482 ω
252 1438 393 1482 vocat
430 1424 680 1496 Paufimias
725 1425 757 1481 l.
787 1448 830 1482 c.
885 1426 1010 1499 ᾤδὲὶς
1064 1427 1340 1490 Plutarchus
1385 1427 1419 1482 l.
1465 1448 1507 1482 c.
1566 1424 1695 1496 μέλη
1728 1428 1964 1481 Maximus
2008 1416 2172 1492 ‘Tyrius
2227 1420 2264 1492 (
2279 1439 2419 1475 num.

162 1519 227 1573 X.
241 1515 279 1587 )
316 1521 377 1573 In
417 1522 481 1575 iis
507 1521 807 1581 minutiores
833 1537 942 1573 eam
970 1520 1178 1575 edidisse
1212 1541 1452 1579 numeros
1480 1541 1635 1589 quam
1678 1521 1960 1587 Alcmanem,
2004 1517 2203 1572 testatur
2230 1518 2424 1574 Aussor

153 1601 406 1682 frugmenti
454 1609 728 1664 Censorino
775 1606 985 1683 subjeffi.
1055 1609 1204 1685 (vid.
1257 1633 1399 1670 num.
1440 1609 1629 1685 XXI.)
1717 1616 1791 1666 Ex
1849 1615 1915 1666 iis
1962 1609 2197 1665 omnibus
2239 1613 2422 1666 unicus

167 1704 313 1761 nobis
347 1701 514 1760 versus
544 1701 773 1774 superest,
811 1694 965 1775 quem
1003 1725 1064 1762 ex
1092 1706 1419 1779 Hephaestione
1457 1705 1637 1781 (num.
1682 1703 1766 1779 1.)
1807 1706 1974 1763 retulit
2010 1704 2218 1780 Ursinus,
2244 1725 2419 1775 quam-

169 1806 247 1858 vis
273 1803 318 1855 &
345 1799 465 1855 alias
502 1819 600 1854 non
637 1802 793 1855 nimis
838 1819 949 1856 raro
975 1803 1154 1858 citetur
1194 1805 1223 1857 ὲ
1274 1800 1544 1872 veteribuS,
1583 1800 1862 1870 Apollodoro,
1899 1801 1936 1874 ζ
1950 1820 2090 1856 num.
2123 1805 2215 1856 vl.
2233 1800 2269 1872 )
2295 1805 2417 1858 Pau·

154 1881 317 1970 sabia,
380 1895 569 1967 (num.
613 1898 706 1949 lv.
753 1892 867 1967 sq.)
924 1894 1157 1952 Athenaeo
1210 1896 1390 1973 (num.
1435 1902 1508 1954 11.
1531 1895 1646 1973 sq.)
1697 1917 1917 1968 quorum
1964 1896 2069 1950 loca
2105 1895 2268 1968 Urfino
2312 1897 2418 1970 jam

168 2004 346 2047 notata.
422 1986 693 2060 Epistolam
730 1979 967 2061 ‘Teleſsllae
1008 1993 1070 2049 ad
1120 1992 1331 2051 Laidem
1356 1997 1668 2050 meretricem
1695 1990 1837 2047 finxit
1869 1983 2222 2060 ‘Theophylams
2263 1994 2411 2045 Simo.

164 2100 308 2154 caua,
336 2080 514 2158 (num.
558 2082 682 2156 XI.)
723 2099 771 2139 at
795 2082 920 2140 hane
947 2085 1084 2143 illam
1112 2087 1260 2162 longe
1286 2093 1609 2145 recentiorem
1635 2087 1747 2157 ess‘e,
1775 2089 1906 2144 Clar.
1937 2087 2143 2143 Fabricio
2171 2085 2411 2142 Biblioth-

168 2181 249 2235 Gr.
282 2179 371 2236 lib.
396 2180 464 2236 11.
495 2199 597 2250 cap.
639 2199 719 2248 15·
749 2199 889 2236 num.
922 2186 1004 2250 58.
1032 2202 1140 2255 pag.
1175 2189 1297 2254 598.
1329 2182 1654 2240 observatum.

1203 2282 1371 2337 Lxx.

240 2373 323 2425 De
358 2372 704 2426 TELESINA
726 2390 827 2426 non
858 2370 1035 2439 babeo,
1063 2391 1183 2442 quae
1207 2373 1389 2427 addam
1415 2373 1556 2444 supra
1581 2377 1636 2427 in
1663 2370 1849 2428 Atthide
1885 2369 2045 2428 diffie

1184 2470 1369 2523 LXXI.

242 2563 919 2620 THALARCHIDIS
958 2564 1196 2632 Argivae,
1218 2561 1355 2633 quod
1397 2561 1560 2624 sciam,
1596 2566 1786 2619 mentio
1809 2564 1988 2621 nullibi
2019 2563 2187 2632 exstat,
2225 2557 2316 2616 nisi
2355 2578 2399 2612 a-

170 2657 273 2728 pud
310 2650 557 2712 Turianam
598 2660 651 2711 in
678 2670 794 2711 orat.
835 2654 899 2712 ad
940 2660 1130 2712 Graecos
1169 2660 1215 2728 §.
1248 2678 1332 2727 52.
1373 2678 1479 2730 pag.
1522 2677 1639 2726 ¹¹4·
1679 2661 1767 2728 qui
1793 2659 1896 2732 ejus
1922 2661 1983 2716 ab
2010 2659 2281 2729 Euthycrare
2306 2657 2397 2712 ela·

166 2752 385 2809 boratam
410 2750 614 2808 statuam
652 2767 905 2808 memorat.
985 2756 1119 2810 Eum
1171 2773 1289 2811 vero
1325 2754 1522 2826 Olymp.
1554 2757 1716 2810 CXX.
1761 2753 1996 2828 floruiss‘e,
2027 2777 2088 2815 ex
2124 2758 2272 2815 leio
2306 2756 2390 2812 lib.

168 2845 408 2903 XXXIV.
444 2866 547 2920 cap.
580 2852 625 2903 8.
662 2845 807 2919 segm.
849 2866 930 2920 ¹9·
957 2845 1205 2904 discimus,

1166 2957 1379 3012 Lxxn.

241 3050 847 3109 TRARGELIAM
902 3050 1154 3111 Milesiam
1201 3050 1341 3123 σοφὴν
1384 3050 1594 3123 quidem
1637 3068 1813 3111 vocant
1844 3051 2097 3112 Athenaeus
2137 3047 2220 3103 lib.
2251 3046 2383 3101 xm.

1338 3155 1389 3209 A
1414 3170 1441 3207 a
1483 3171 1511 3207 2
2284 3166 2392 3217 pag·
