2794 3744
414 275 513 337 136
1091 274 1951 327 OLEARIIDISS.

418 419 492 465 15.
542 419 645 468 pag.
681 418 802 467 304..
884 403 1103 470 Neptuni
1139 399 1294 455 filiam
1339 403 1603 474 Pausanias.
1685 407 1820 456 Hinc
1848 405 2060 455 Lamiam
2093 403 2229 457 illam
2263 402 2551 475 Nympham
2576 422 2637 457 ex

410 494 554 549 Idaeis
584 497 629 547 &
658 494 994 548 immortalem
1018 494 1132 548 facit
1162 494 1260 563 ipsa
1288 499 1503 562 Artemis,
1532 493 1746 549 verfibus
1770 492 2064 564 quibusdam
2091 500 2117 548 a
2146 497 2371 568 Pausania
2397 497 2636 567 allegatiS,

410 590 543 660 apud
570 610 719 659 quem
751 594 898 643 etiam
927 591 1135 643 Lamiam
1161 589 1297 644 illam
1331 590 1595 645 mulierem
1622 595 1836 661 primam
1863 594 2198 659 vaticinatam,
2237 594 2283 644 &
2308 593 2367 646 ab
2395 592 2532 648 Afris
2569 596 2639 647 Si-

410 686 591 755 byllam
619 689 920 741 nominatam
949 682 1171 738 refertur.
1248 684 1473 739 Eandem
1501 699 1711 740 matrem
1750 684 2029 752 Erythraeae
2070 687 2258 755 Sibyllae
2285 687 2515 743 vendicat
2541 693 2641 748 Sui-

409 783 506 851 das,
534 797 588 835 ut
616 781 729 834 hine
769 798 970 847 quoque
1006 780 1335 852 conjefiiuram
1362 780 1541 835 ducere
1585 781 1747 847 liceat,
1788 779 1996 834 eandem
2037 781 2130 836 effe
2168 787 2503 853 antiquiorem
2532 788 2644 851 Ery-

406 878 633 945 thraeam,
662 897 769 945 quae
805 874 872 929 est
893 879 1090 929 Artemis
1127 874 1315 943 nostra3
1355 875 1433 930 sed
1468 890 1633 931 tamen
1659 876 1870 952 Iiydolem
1897 892 2106 930 matrem
2133 877 2233 948 ejus
2253 878 2365 932 aliis
2391 879 2642 950 appellari,

407 972 571 1028 eidem
605 971 766 1025 Suidae
806 969 1056 1024 traditum.
1097 974 1293 1025 Patrem
1327 970 1493 1026 nostrae
1513 978 1692 1044 Jovem
1721 971 1971 1033 Pausaniar
2010 976 2078 1025 ait
2104 975 2132 1025 ὲ
2159 971 2453 1040 quibusdam
2478 962 2643 1045 statui,

348 1111 350 1114 .
408 1068 644 1137 Apolline
673 1081 836 1121 natam
858 1065 1022 1120 Suidas
1052 1066 1505 1137 dicitErythraeam,
1522 1068 1732 1123 eandem
1760 1088 1877 1123 cum
1903 1066 2092 1135 nostra3
2124 1066 2266 1122 facile
2293 1073 2508 1124 invicem
2533 1090 2643 1126 con·

409 1163 622 1216 ciliandi.
668 1166 864 1229 Nempe
892 1160 1107 1216 observat
1126 1161 1394 1231 Paufiinias,
1436 1162 1589 1233 ipsam
1618 1162 1710 1218 sese
1737 1166 1944 1217 Artemin
1971 1161 2183 1217 nostram
2210 1166 2265 1216 in
2291 1162 2505 1218 versibus
2544 1163 2643 1219 suis

410 1258 561 1314 modo
585 1277 813 1324 uxorem,
843 1255 992 1310 modo
1016 1253 1247 1325 sororem,
1290 1257 1439 1311 modo
1473 1256 1633 1311 filiam
1648 1240 1905 1326 Apollinis
1933 1275 2134 1323 vocare,
2171 1270 2317 1323 atque
2341 1261 2412 1309 ita
2437 1253 2642 1323 quidem

407 1375 515 1410 eam
532 1349 786 1423 μαινομένην
813 1365 958 1418 atque
984 1356 1173 1420 po'e'tice
1198 1353 1335 1422 loqui
1355 1357 1441 1420 ait,
1455 1351 1517 1405 ob
1543 1356 1882 1421 cognationem
1910 1341 2089 1404 scilicet
2107 1355 2222 1405 artis
2235 1350 2642 1420 divinae,eodem-

412 1471 510 1520 que
526 1448 650 1504 forte
663 1451 983 1519 animoJovis
1009 1445 1192 1500 alicubi
1214 1445 1446 1503 seefiliam
1469 1446 1615 1515 dixit,
1641 1444 1902 1515 quodresset
1921 1450 1968 1499 ei
1999 1445 2287 1516 charissima,
2306 1446 2642 1502 consiliorum·

407 1565 503 1614 que
522 1543 671 1611 ipsius
698 1547 949 1610 particeps.
1002 1541 1225 1595 Sobriam
1252 1562 1388 1607 vero,
1417 1546 1492 1593 uti
1519 1541 1756 1606 loquitur,
1775 1538 1961 1606 πατρὸς
1986 1539 2221 1609 ἀνθςῶπε
2241 1542 2285 1596 se
2311 1541 2451 1596 fateri
2477 1543 2642 1598 eidem

406 1637 660 1710 Pausaniae
687 1634 993 1689 observatum
1024 1634 1107 1702 est,
1129 1632 1315 1704 «πειτρὸς
1342 1637 1550 1701 inquam
1576 1629 1888 1698 κητοφάγοιο,
1923 1646 1978 1684 ut
2008 1631 2107 1701 ipsa
2133 1631 2392 1702 loquitur,
2430 1655 2520 1705 pro
2545 1655 2646 1706 quo

411 1730 690 1800 σιτοφάγοιο
725 1729 1115 1786 substituendum
1141 1750 1239 1783 non
1277 1727 1531 1785 dubitem:
1595 1746 1649 1780 ea
1687 1732 1823 1780 enim
1861 1725 2079 1782 hominis
2116 1728 2249 1798 apud
2287 1732 2529 1786 Homerum
2561 1731 2644 1788 de·

405 1831 623 1900 scriptio,
639 1850 788 1898 quem
810 1848 870 1882 ex
890 1826 1054 1883 nostrae
1070 1824 1310 1881 Artemidis
1337 1823 1553 1884 versibus
1584 1823 1738 1878 multa
1761 1821 2040 1894 decerpfiffe
2065 1825 2214 1894 paulo
2238 1826 2342 1897 post
2366 1828 2643 1887 audiemus,

407 1926 552 1982 Illius
579 1945 694 1981 vero
716 1944 903 1981 nomen
930 1926 1126 1978 varium
1154 1919 1315 1977 rursu-s
1348 1919 1571 1977 redditur
1595 1919 1730 1991 apud
1756 1920 1959 1988 Suidam,
1993 1926 2080 1989 qui
2109 1921 2233 1977 dicit
2259 1923 2370 1978 aliis
2392 1925 2644 1996 Aristocra-

406 2040 497 2076 tem
527 2022 640 2075 aliis
666 2024 956 2086 Crinagoram
983 2036 1102 2071 eum
1127 2011 1356 2084 appellari
1379 2036 1395 2081 3
1435 2008 1717 2072 ‘Theodorum
1743 2036 1863 2070 vero
1889 2019 2058 2069 vocari
2090 2018 2322 2087 Hermippi
2361 2027 2639 2091 autoritate,

404 2117 544 2189 cujus
592 2117 664 2169 rei
705 2117 855 2167 etiam
882 2114 1131 2182 Pausanias
1171 2113 1423 2176 meminit,
1465 2115 1556 2178 qui
1592 2110 1842 2166 Pastorem
1880 2110 2012 2166 hunc
2039 2106 2320 2168 ‘Theodorum
2365 2121 2434 2170 ait
2479 2115 2637 2173 fuiffe.

402 2211 511 2269 Nifi
531 2225 695 2265 tamen
713 2209 829 2263 haec
855 2207 917 2261 ad
933 2207 1182 2279 juniorem
1200 2209 1367 2274 potius
1393 2204 1629 2270 Sibyllam
1642 2207 1869 2272 Erythris
1901 2211 1954 2259 in
1979 2212 2123 2260 Ionia
2148 2225 2310 2264 natam
2337 2217 2641 2280 pertineant;

404 2310 513 2365 sane
533 2312 669 2363 enim
698 2305 784 2360 has
815 2303 902 2359 fibi
928 2301 1184 2358 vindicare
1204 2299 1457 2368 Sibyllam,
1498 2298 1560 2352 de
1601 2318 1700 2366 qua
1743 2298 1830 2352 ista
1857 2299 2021 2368 tradit,
2066 2302 2239 2357 diserte
2265 2304 2517 2377 Pausanias
2537 2314 2635 2367 ait:

406 2408 636 2475 quamvis
661 2397 1062 2458 diffimulandum
1091 2417 1191 2450 non
1212 2394 1298 2461 sit,
1344 2393 1506 2464 ipsum
1537 2393 1810 2463 Pausaniam
1849 2394 1976 2448 clare
2013 2395 2123 2448 satis
2149 2403 2376 2466 innuere,
2414 2401 2569 2469 ipsam
2593 2403 2639 2459 st

405 2502 531 2558 hanc
559 2502 766 2557 Artemin
793 2495 1066 2564 intelligere
1093 2490 1326 2559 nostram,
1361 2493 1415 2542 in
1452 2488 1592 2561 cujus
1620 2486 1833 2543 verfibus
1886 2489 2011 2545 dicit
2059 2496 2225 2548 omitti
2270 2491 2330 2545 ab
2355 2496 2639 2563 Erythraeis

408 2596 614 2655 Ionibus
640 2615 713 2664 ea,
754 2612 882 2663 quae
907 2589 969 2644 de
1006 2584 1275 2644 Mermeffo
1301 2589 1457 2656 patria
1483 2584 1565 2639 sua
1592 2589 1646 2638 in
1672 2589 1735 2639 iis
1770 2599 1909 2639 canat
1946 2585 2146 2654 Sibylla.
2227 2593 2371 2644 Ferte
2396 2594 2552 2659 igitur
2577 2595 2637 2648 ab

412 2692 527 2766 ipsis
554 2689 834 2758 Erythraeis
860 2709 916 2743 ea
953 2684 1169 2741 confusio
1199 2683 1300 2756 jam
1336 2681 1460 2736 olim
1506 2679 1723 2736 admissa.
1804 2680 2057 2750 Apollinis
2087 2682 2304 2737 Sminthei
2346 2685 2479 2754 apud
2517 2689 2628 2741 Ale-

411 2787 674 2851 xandream
707 2785 931 2846 Troados
957 2804 1067 2840 eam
1091 2777 1391 2840 sacerdotem
1417 2776 1561 2839 {uiffe
1587 2777 1722 2851 apud
1735 2776 1959 2835 eundem
1984 2775 2259 2849 Pausaniam
2288 2778 2518 2849 legimuS,
2545 2780 2637 2836 ibi.

2534 2894 2638 2944 que

749 3008 859 3048 illud:

573 3009 645 3059 (8)
671 3009 730 3050 Est
974 3056 1091 3110 ’Ἔιμὶ
1119 3056 1162 3098 Jt'
1172 3054 1262 3110 ’ἓγαῗ
1285 3057 1463 3111 γεγαιίῖαι
1477 3053 1599 3109 μέσον
1615 3054 1789 3097 &vn-riht
1814 3052 1919 3098 θεέἶς
1936 3069 1983 3096 τι

977 3120 1142 3172 Νύμφης
1167 3120 1211 3161 θ’
1228 3119 1460 3171 &Sarda-ns,
1477 3114 1633 3172 vav-3³35
1648 3117 1693 3157 θ’
1708 3110 1762 3160 εῖν
1779 3111 2027 3168 anodyna,

975 3183 1176 3236 Μητρόθεν
1203 3181 1421 3238 ’wamma
1452 3175 1603 3240 αρτ-εἶς
1619 3177 1671 3220 aet
1694 3177 1762 3232 μοι’
1781 3177 1857 3223 {etr
1883 3176 2022 3233 ἔρυθςῦ

971 3243 1242 3298 noanneane,
1266 3245 1405 3301 μητρὸς
1428 3241 1524 3298 ispi,
1551 3238 1741 3294 σπιμός
1771 3238 2047 3284 F'Awmv'e.
