2794 3744
357 295 455 352 186
1028 291 2026 346 OLEARIIDISS.

1372 415 1617 471 LXVIII.

432 519 948 575 TARAXANDRA
988 514 1159 569 eadem
1211 531 1330 567 cum
1362 507 1645 564 Alexandra
1684 507 1771 579 est,
1811 529 1918 580 quae
1962 513 2010 566 ὃς
2054 510 2315 588 Caffimdra
2360 521 2479 576 alias
2517 541 2598 592 ap-

360 617 588 689 pellatur,
629 614 689 667 de
725 633 822 680 qua
851 612 935 664 suo
974 611 1081 666 loco
1107 608 1252 679 dicta,
1292 626 1392 661 non
1419 604 1503 675 est,
1529 626 1618 664 cur
1660 604 1741 660 hic
1782 623 2080 681 repetamus,
2123 613 2203 667 vel
2229 615 2445 687 amplius
2476 618 2600 688 quid

357 717 431 768 eis
454 714 554 782 jam
578 709 741 763 denuo
765 706 1019 762 addamus,

1401 803 1587 855 LXIX.

425 908 810 960 TELEsILLA
851 923 951 957 non
1009 903 1212 971 ingenio
1263 913 1455 954 tantum
1507 898 1683 969 valuit,
1725 897 1808 953 sed.
1845 897 2058 956 consiliis
2093 920 2297 972 quoque
2334 904 2381 961 a:
2430 884 2616 960 manu(

346 1004 517 1071 Argos
542 1005 590 1054 ei
617 996 913 1071 patriasuit,
951 996 1142 1052 familia
1173 994 1396 1054 illustris,
1433 1015 1611 1067 corpus
1637 993 1916 1051 infirmum.
1997 1000 2099 1052 Cui
2136 996 2442 1053 medicinam
2474 1017 2602 1069 quae·

352 1115 480 1165 renS,
522 1096 721 1151 oraculo
747 1095 899 1163 adite,
939 1091 1219 1164 responsum
1247 1093 1378 1162 tulit,
1417 1091 1587 1147 Musas
1621 1091 1711 1164 ipsi
1745 1092 1996 1148 medicam
2047 1113 2247 1166 operam
2293 1093 2598 1164 praestitutas.

348 1193 466 1259 ‚Quo
494 1206 709 1260 accepto,
753 1206 809 1245 ut
846 1193 894 1243 ei
926 1187 1290 1256 obsequeretur,
1331 1191 1546 1242 carmini
1573 1190 1619 1240 8<
1647 1186 1840 1242 musicae
1867 1209 2070 1258 operam
2099 1210 2282 1244 navare
2307 1194 2468 1259 coepit,
2495 1195 2599 1257 quo

352 1276 476 1337 fatto
511 1288 556 1341 8<
595 1284 878 1341 valetudine
921 1283 1101 1337 restius
1134 1289 1210 1336 uti
1245 1289 1405 1351 coepit,
1446 1286 1491 1336 ὅ(
1534 1287 1755 1336 carmine
1787 1287 1917 1338 inter
1943 1280 2152 1337 feminas
2188 1287 2242 1337 in
2269 1282 2599 1339 admiratione

353 1375 466 1447 effe,
506 1393 562 1433 ut
588 1377 831 1433 Plutarcho
863 1375 1024 1450 [num.
1061 1373 1235 1450 V111.]
1266 1377 1486 1431 relatum.
1571 1381 1707 1432 AEtas
1734 1377 1854 1450 ejuS,
1904 1392 1960 1433 ut
1983 1397 2043 1433 ex
2075 1398 2193 1433 mox
2219 1378 2442 1432 dicendis
2470 1398 2598 1448 pate-

351 1468 443 1537 bit,
475 1477 526 1524 in
554 1474 812 1538 Cleomenis,
847 1471 1224 1524 Atheniens-ium
1251 1476 1424 1538 Regis,
1454 1485 1674 1537 tempora
1696 1471 1893 1536 incidit,
1915 1484 2061 1538 atque
2087 1473 2209 1525 adeo
2238 1478 2366 1527 circa
2394 1474 2595 1541 Olymp.

353 1567 659 1617 CXXXIX..
740 1565 904 1616 Tanta
930 1576 1097 1616 autem
1138 1567 1213 1616 vis
1247 1567 1481 1616 carminis
1509 1562 1611 1634 ejus
1638 1562 1772 1630 apud
1794 1566 2008 1632 Argivas
2036 1564 2244 1618 feminas
2286 1563 2400 1633 fuit,
2428 1573 2606 1633 quem:

349 1657 625 1712 admodum
675 1660 882 1711 Maximo
909 1659 1045 1724 fyrio
1086 1654 1262 1731 [num
1301 1652 1403 1729 Χ.]
1433 1655 1710 1725 proditum,
1753 1671 1810 1710 ut
1846 1661 2073 1712 virorum
2111 1658 2398 1727 fortissimiS,
2451 1665 2599 1715 Lace-

347 1751 623 1821 daemoniiS,
663 1772 798 1806 arma
837 1770 1085 1822 opponere
1124 1750 1359 1805 auderent
1399 1751 1572 1820 puellae
1609 1749 1870 1819 imbelles;
1910 1766 1966 1806 ut
2014 1744 2143 1807 nihil
2189 1751 2312 1809 adeo
2339 1753 2496 1825 gloria
2521 1774 2596 1820 ce·

350 1844 435 1899 dat
462 1845 542 1901 vel
572 1839 785 1916 ‘Tyrtaeo,
831 1850 922 1916 qui
955 1849 1332 1916 Spartiatarum,
1362 1845 1610 1916 Alcaeove,
1644 1851 1734 1915 qui
1761 1844 2062 1900 Lesbiorum
2101 1853 2342 1903 virtutem
2382 1853 2600 1904 carmine

350 1944 602 2009 excitavit,
644 1945 772 2009 quin
822 1944 988 2008 potius
1030 1934 1302 2008 utrumque
1334 1955 1435 1995 tam
1471 1941 1618 2011 longo
1653 1940 1844 2012 superet
1883 1941 2165 2012 intervallo,
2207 1962 2359 2013 quam
2389 1942 2535 2014 longo
2572 1947 2601 1996 a
2681 1925 2684 1927 γ

352 2030 560 2087 feminei
587 2036 724 2088 sexus
761 2034 1098 2089 imbecillitate
1137 2033 1288 2088 distat·
1308 2035 1452 2090 virile
1491 2037 1658 2091 robur.
1737 2042 1934 2108 Nempe
1958 2038 2057 2110 jam
2097 2042 2148 2091 in
2176 2059 2234 2093 eo
2276 2054 2376 2093 erat
2414 2039 2604 2092 Cleome-

350 2150 447 2197 nes,
471 2133 820 2196 Spartanorum
842 2134 974 2194 Rex,
1013 2142 1069 2180 ut
1095 2148 1270 2196 magna
1296 2134 1605 2197 Argivorum
1655 2132 1788 2185 edita
1827 2133 2000 2202 strage,
2041 2133 2134 2200 ipsi
2161 2132 2276 2186 urbi
2321 2152 2470 2201 opera
2519 2129 2600 2182 ad·

349 2235 586 2289 moveret,
625 2219 764 2275 facile
794 2218 840 2274 se
880 2223 1157 2287 potiturum
1190 2218 1381 2287 sperans
1430 2223 1583 2276 tutela
1636 2228 1883 2288 virorum,
1927 2228 2197 2276 maximam
2247 2238 2439 2293 partem
2474 2226 2600 2275 occi-

282 2363 292 2368 .
345 2313 533 2382 sorum,
571 2314 808 2369 nudatam
846 2311 1069 2367 urbem.»
1112 2311 1206 2366 Sed
1238 2333 1347 2366 ecce
1373 2318 1402 2365 a
1427 2314 1642 2383 ‘Ielefilla
1671 2319 1938 2379 concitatae,
1987 2313 2087 2380 ipsa
2126 2315 2271 2380 duce,
2316 2333 2450 2366 arma
2483 2319 2602 2367 arri-

354 2427 508 2478 puere
532 2406 748 2478 feminae,
789 2421 937 2476 atque
965 2406 1234 2460 Cleomenem
1261 2404 1444 2461 multos
1488 2403 1690 2459 suorum
1716 2403 2068 2459 desiderantem
2114 2403 2303 2461 fortiter
2348 2405 2599 2473 repulere:

356 2501 567 2557 alterum
609 2508 807 2573 Regem
846 2505 1161 2568 Demaratum,
1203 2503 1311 2568 qui,
1356 2513 1413 2552 ut
1441 2503 1615 2555 Socrati
1661 2497 1939 2570 proditum,
1981 2503 2036 2553 in
2073 2499 2252 2553 urbem
2300 2498 2344 2553 se
2384 2500 2485 2572 jam
2523 2520 2604 2572 pe·

359 2609 653 2664 netraverat,
693 2599 738 2650 &
785 2594 1188 2665 Pamphyliacum
1224 2608 1572 2663 occupaverat,
1615 2597 1667 2647 vi
1706 2592 1966 2665 ejecerunt.
2044 2592 2190 2646 Plura
2236 2613 2346 2645 eam
2393 2597 2445 2647 in
2494 2613 2601 2648 rem

361 2686 524 2759 legere
554 2689 620 2743 est
646 2687 778 2758 apud
805 2688 1096 2743 Plutarchum
1124 2686 1298 2762 [num.
1328 2684 1518 2760 Vlll.]
1559 2691 1605 2741 ὅ(
1632 2688 1904 2759 Pausaniam
1932 2687 2109 2755 [num.
2141 2680 2309 2757 VIL]
2327 2700 2473 2751 atque
2499 2685 2600 2755 ejus

359 2785 443 2839 hic
493 2789 840 2857 exscriptorem
887 2786 1069 2841 Suidam
1109 2782 1286 2860 [num.
1343 2780 1476 2858 XL]
1537 2786 1719 2854 quibus
1768 2788 1813 2837 ὅ(
1853 2784 2049 2837 Clemens
2102 2780 2351 2835 Alexandr.
2417 2777 2595 2853 [num.

362 2875 581 2953 X111,]2
602 2879 869 2936 addendus.
946 2883 1146 2932 Mirum
1172 2899 1227 2932 ea
1255 2882 1422 2932 omnia
1449 2876 1761 2950 praetermissa
1794 2875 2015 2930 Herodoto
2042 2872 2133 2927 effe
2180 2877 2233 2925 in
2268 2870 2598 2939 expeditionis

364 2973 499 3029 illius
539 2955 1028 3043 Lacedaemoniorum
1056 2976 1109 3025 in
1136 2977 1296 3042 Argos
1322 2973 1540 3044 historia,
1582 2994 1699 3027 cum
1735 2987 1899 3025 tamen
1948 2967 2204 3023 oraculum
2234 2970 2422 3035 recitet,
2462 2970 2599 3037 quod

365 3068 427 3121 ad
471 3090 575 3124 rem
613 3070 672 3124 ab
706 3072 911 3139 Argivis
954 3064 1155 3120 feminis
1193 3067 1319 3120 clare
1358 3060 1540 3136 gestam
1571 3068 1838 3135 pertinere
1875 3065 1921 3115 8<
1949 3061 2149 3115 videtur
2187 3060 2231 3110 ὅ(
2272 3079 2331 3112 eo
2376 3064 2403 3112 ἐι
2431 3063 2601 3131 Pausa-

367 3165 446 3216 nia
483 3162 704 3221 refertur.
781 3164 1204 3234 Argumentorei
1255 3163 1472 3219 veritatis
1509 3173 1677 3230 aperto
1715 3156 1780 3212 est
1819 3154 1997 3210 festum
2037 3156 2342 3222 Argivorum
2379 3157 2432 3207 in
2460 3160 2600 3208 novi-

2459 3250 2597 3304 lunio
