2794 3744
870 326 1008 379 DE
1082 326 1684 383 POETRIIS
1758 328 1911 379 GR.
2413 350 2513 401 137

261 473 360 524 que
395 455 631 511 Hecubae
674 455 927 511 somnium
951 453 1233 528 conjeflaffe
1273 460 1372 524 ita,
1413 470 1470 511 ut
1510 469 1715 511 eventus
1746 456 1875 509 tulit.
1955 438 2031 510 ἑο
2068 463 2317 524 pertinere
2367 476 2511 532 puto,

255 570 383 621 quae
435 552 596 606 Suidas
622 550 784 622 habet,
822 571 942 606 cum
986 555 1169 606 Troica
1208 570 1319 605 eam
1348 549 1640 621 praedixisse
1666 549 1811 619 dicit,
1852 549 2038 621 &ipse
2077 551 2226 620 paulo
2261 570 2373 608 ante
2395 558 2513 609 Pau·

244 645 435 717 sanias,
467 666 577 702 eam
616 662 727 703 ante
769 652 1089 703 vaticinatam
1124 650 1378 717 inquienS‚
1419 643 1564 700 Asiae
1607 647 1654 700 8<
1695 649 1924 715 Europae
1962 649 2273 716 perniciem,
2318 654 2514 716 Spartae

256 742 504 799 Helenam
542 742 811 799 educatum
849 746 932 811 iri,
973 758 1173 813 propter
1198 761 1351 811 quam
1378 742 1476 796 Ilio
1501 747 1530 796 a
1548 744 1754 796 Graecis
1779 739 2039 796 excidium
2067 745 2352 813 immineat,
2386 764 2512 813 quae

254 837 429 893 eadem
454 859 514 894 ex
541 840 754 909 Boccho,
794 841 1038 895 memoria
1062 835 1226 906 falsus,
1262 842 1380 891 citat
1424 836 1662 906 Gyraldus.
1742 839 1876 890 Sami
1918 836 2137 891 multum
2186 837 2424 893 verlatam
2462 842 2510 892 &

256 931 395 987 Clari
429 935 476 987 &
519 939 572 989 in
602 935 733 989 Delo
782 931 948 989 eidem
974 919 1245 1005 Pausanioe.
1272 933 1495 988 relatum.
1576 931 1790 1003 Delpliis
1835 936 1958 987 item
1998 949 2165 1002 petrae
2205 932 2508 990 insistentem

258 1029 454 1092 oracula
479 1027 655 1085 fudisse
693 1028 825 1084 testis
851 1027 919 1084 est
956 1026 1157 1083 Clemens
1182 1028 1531 1084 Alexandrinus
1560 1026 1591 1081 l.
1616 1047 1656 1080 c.
1686 1047 1793 1098 pag.
1826 1047 1948 1098 304.
1982 1032 2074 1096 qui
2098 1027 2425 1085 monstratum
2452 1033 2508 1084 in

253 1130 394 1180 curia
421 1125 665 1196 Delphica
698 1124 827 1180 illud
871 1123 1038 1180 saxum
1063 1129 1145 1180 ait.
1227 1128 1464 1180 Carmina
1502 1144 1613 1179 eam
1644 1123 1869 1192 aliquam
1911 1124 2069 1179 multa
2099 1122 2356 1194 reliquiffe
2396 1123 2506 1180 scri·

251 1231 356 1289 pta,
398 1239 554 1287 eaque
575 1225 699 1274 tanti
729 1219 835 1274 visa
874 1221 1071 1274 Homero
1097 1261 1115 1288 ,
1154 1234 1212 1273 ut
1238 1238 1298 1274 ex
1331 1219 1433 1273 illis
1470 1219 1754 1292 decerperet
1780 1219 1926 1275 flores
1957 1221 2268 1276 carminibus
2295 1220 2396 1277 suis
2429 1241 2504 1276 or·

247 1313 440 1384 tundis,
485 1314 680 1384 Boccho,
712 1312 897 1386 Isidoro,
937 1317 985 1368 &
1010 1313 1176 1368 Suidae
1202 1314 1434 1384 relatum,
1477 1320 1568 1384 qui
1608 1317 1656 1368 &
1691 1314 1919 1387 χςησμὸν
1946 1316 2069 1388 ejus⁴
2083 1316 2137 1369 δι’
2170 1315 2293 1371 iwan
2319 1316 2504 1388 expres-

248 1410 295 1468 se
325 1415 572 1467 meminit.
650 1414 878 1479 Hymnus
906 1409 1011 1482 ejus
1041 1414 1096 1465 in
1115 1409 1406 1479 Apollinem
1425 1411 1602 1466 Delios
1631 1430 1927 1481 memorare,
1954 1409 2022 1467 est
2047 1411 2181 1481 apud
2207 1411 2502 1485 Pausaniam,

250 1512 342 1579 qui
366 1510 414 1562 ὅ(
440 1505 775 1579 fragmentum
800 1506 908 1575 ejus
932 1503 1187 1570 quoddam
1211 1504 1409 1560 exhibet
1434 1506 1465 1560 l.
1482 1526 1523 1559 e.
1540 1525 1588 1576 p.
1606 1510 1728 1559 826.
1753 1503 1843 1578 (8)
1872 1510 1954 1560 De
1978 1506 2188 1574 reliquis
2213 1504 2502 1576 fragmentis

252 1602 283 1653 a
311 1596 567 1671 Bomoi-do,
589 1601 792 1666 Aitzma,
817 1597 865 1650 &
883 1594 997 1649 aliis
1021 1601 1069 1649 ei
1106 1594 1347 1665 affignatis
1380 1601 1566 1652 incerta
1590 1595 1701 1651 sunt
1726 1602 1912 1652 omnia.
1990 1602 2216 1653 Mortem
2236 1605 2289 1655 in
2304 1601 2499 1658 Troade

252 1699 303 1751 ei
329 1691 555 1765 obtigisse
596 1692 732 1749 idem
757 1696 846 1762 ait,
884 1690 1139 1762 sepulchro
1161 1711 1364 1763 quoque
1389 1691 1648 1764 descripto,
1674 1713 1730 1747 ac
1754 1693 2015 1766 epitaphio
2039 1693 2276 1750 exhibito.
2355 1703 2498 1771 Sunt,

251 1795 343 1860 qui
378 1789 703 1859 Babyloniam
747 1807 857 1844 eam
898 1785 1105 1858 dicunt,
1145 1786 1308 1844 nescio
1347 1808 1448 1859 quo
1484 1791 1836 1843 commentitio
1882 1793 2104 1844 carmine
2159 1789 2389 1863 decepti,
2449 1797 2499 1849 ὅ(

250 1889 392 1941 Noae
418 1905 625 1955 nurum,
658 1904 776 1939 cum
808 1904 868 1941 eo
908 1889 962 1940 in
986 1903 1095 1940 area
1130 1880 1368 1942 servatam
1384 1925 1402 1955 ,
1440 1882 1504 1940 de
1527 1883 1714 1954 quibus
1740 1887 1886 1955 nugis
1911 1882 2103 1942 affatim
2125 1885 2362 1960 cenaeus,
2405 1908 2495 1945 noa

249 1980 313 2038 ad
345 1985 550 2038 certiora
580 1999 854 2053 pergemus.

1292 2077 1439 2132 vm

318 2176 679 2229 ASPASIA.
727 2171 822 2246 (9)
859 2172 1064 2228 Periclis
1089 2170 1364 2240 amoribus,
1409 2178 1604 2227 Socrate
1634 2170 1881 2243 discipulo
1923 2170 2245 2228 celeberrima
2283 2173 2489 2246 femina,

242 2268 438 2322 Poenica
466 2265 693 2323 facultate
730 2287 833 2323 non
874 2271 1065 2335 minuS,
1103 2286 1258 2336 quam
1294 2266 1639 2339 Philosophiae
1689 2269 1736 2320 8<
1774 2267 2089 2336 eloquentiae
2127 2267 2304 2326 studiis
2354 2294 2491 2343 prae.

245 2354 381 2412 stitit.
457 2364 539 2412 De
564 2359 667 2429 ejus
691 2364 814 2425 vita,
851 2359 1097 2428 moribuS,
1116 2360 1265 2414 rebus
1291 2360 1436 2431 gestis
1467 2364 1514 2413 &
1541 2361 1753 2434 reliquis
1792 2379 1852 2414 eo
1886 2362 2252 2431 pertinentibus
2297 2367 2488 2425 affatim

249 2469 311 2505 ex
340 2449 586 2506 Plutarcho
612 2455 847 2517 maxime,
892 2450 1216 2524 Aristophane,
1241 2436 1449 2522 Platone,
1477 2452 1636 2522 suida,
1661 2468 1774 2510 ante
1796 2475 1968 2512 omnes
2005 2457 2128 2512 alios
2154 2463 2486 2519 nominandus

248 2548 349 2615 egit
376 2548 616 2614 Menagius
652 2545 714 2601 de
752 2545 1047 2602 mulieribus
1084 2545 1393 2620 Philosopbis
1438 2548 1585 2619 segm.
1624 2548 1673 2604 6.
1722 2547 1787 2606 ad
1835 2572 1986 2623 quem
2033 2554 2261 2611 Leftores
2298 2556 2484 2630 ablega·

246 2660 373 2695 mus.
452 2644 747 2696 Carminum
786 2661 904 2697 vero
927 2642 1032 2715 ejus
1053 2640 1237 2712 insigne
1261 2642 1616 2716 fragmentum,
1649 2666 1754 2717 quo
1794 2654 2044 2707 Socratem
2077 2651 2238 2722 docet,
2266 2668 2322 2710 ut
2347 2658 2484 2714 Alci·

243 2733 441 2792 biadem
467 2736 751 2794 adamatum
772 2736 859 2795 sibi
877 2737 1049 2796 debat
1069 2740 1355 2813 conciliare,
1366 2741 1499 2812 apud
1514 2742 1797 2803 Athenaeum
1811 2747 1843 2804 l.
1859 2753 1924 2804 V.
1940 2769 1990 2821 p.
2015 2765 2136 2816 219.
2155 2754 2214 2807 C.
2229 2748 2478 2810 habemus,

2237 2851 2478 2901 ASTYA·

295 2962 366 3014 (9)
393 2961 452 3001 ΒΘ
468 2961 531 3001 51¹⁸
549 2963 651 3015 pinta
672 2963 832 3015 proferre
848 2964 1010 3004 constitui
1037 2966 1073 3004 in
1100 2967 1279 3021 Catalogo
1300 2968 1519 3011 seminarum
1539 2969 1779 3017 mediarum.
1804 2971 2108 3024 Philosophum
2130 2974 2195 3009 stc.
2214 2971 2296 3021 quia
2324 2971 2477 3024 Elegan-

242 3018 385 3063 cifimu-
402 3024 541 3066 Baele‘ns
570 3026 608 3064 in
638 3026 774 3067 Lexioo
811 3027 993 3066 minorica
1019 3041 1054 3066 v.
1090 3033 1233 3071 Pericle,
1258 3042 1331 3070 not.
1364 3035 1415 3073 N.
1454 3035 1584 3073 merito
1614 3032 1766 3079 dubitat.
1792 3034 1891 3073 illam
1920 3035 2013 3074 inter
2033 3034 2186 3074 Poe-triu
2218 3035 2478 3074 numerandam

242 3088 333 3134 εὖ,
356 3101 471 3142 quum
503 3088 595 3131 {olm
623 3091 814 3131 Athe-nene
841 3092 903 3131 lib.
938 3093 972 3129 '·'
1018 3105 1100 3144 pag.
1133 3108 1220 3145 2¹9-
1252 3096 1289 3136 B.
1322 3097 1464 3142 tradat.
1507 3098 1670 3138 earmina
1699 3098 1760 3147 ipfi
1790 3097 1960 3136 attributa
1989 3101 2020 3134 δι
2057 3094 2102 3131 ab
2130 3092 2291 3131 Htroliro
2318 3095 2478 3137 Cureti·

244 3148 425 3200 publicu}
461 3147 554 3190 ‘5³
594 3150 659 3197 Ἔν
694 3153 782 3202 τοῖς
823 3155 1031 3212 ”papirus
1067 3156 1118 3205 εἷς
1151 3157 1281 3207 δντῖσ
1327 3158 1518 3212 boens
1551 3159 1654 3219 ἆπρ
1702 3159 1924 3217 ’ἢγὸὥηιθο
1966 3159 1986 3199 ὅ
2028 3152 2258 3210 '‘vain‘'
2297 3158 2476 3210 ‘⁴933‘-

243 3227 302 3255 το.
516 3246 520 3250 .

1426 3305 1460 3353 8
